<record><header><identifier>oai:alma.41SLSP_UGE:991000801879705502</identifier><datestamp>2024-03-09T01:35:06Z</datestamp><setSpec>uge_bcen_RapidILL_BOOK</setSpec><setSpec>uge_aaca_RapidILL_BOOK</setSpec><setSpec>uge_abels_RapidILL_BOOK</setSpec><setSpec>uge_dbu_RapidILL_BOOK</setSpec><setSpec>uge_cmu_RapidILL_BOOK</setSpec><setSpec>uge_mail_RapidILL_BOOK</setSpec><setSpec>uge_abbat_RapidILL_BOOK</setSpec><setSpec>UNIGE_ALL</setSpec><setSpec>uge_acar_RapidILL_BOOK</setSpec><setSpec>uge_aobs_RapidILL_BOOK</setSpec></header><metadata>
<record xmlns="http://www.loc.gov/MARC21/slim" xmlns:xsi="http://www.w3.org/2001/XMLSchema-instance" xsi:schemaLocation="http://www.loc.gov/MARC21/slim http://www.loc.gov/standards/marcxml/schema/MARC21slim.xsd"><leader>01770nam a2200457 c 4500</leader><controlfield tag="001">991000801879705502</controlfield><controlfield tag="005">20240308051246.0</controlfield><controlfield tag="008">201012s1952    sz            00| | ger d</controlfield><datafield ind1=" " ind2=" " tag="019"><subfield code="a">Datenkonversion ZB Solothurn</subfield><subfield code="5">IDSBB/28.08.2016/blu</subfield></datafield><datafield ind1=" " ind2=" " tag="035"><subfield code="a">(swissbib)237543052-41slsp_network</subfield></datafield><datafield ind1=" " ind2=" " tag="035"><subfield code="a">237543052</subfield><subfield code="9">ExL</subfield></datafield><datafield ind1=" " ind2=" " tag="035"><subfield code="a">(IDSLU)000537306ILU01</subfield></datafield><datafield ind1=" " ind2=" " tag="035"><subfield code="a">(NEBIS)008765444EBI01</subfield></datafield><datafield ind1=" " ind2=" " tag="035"><subfield code="a">(IDSBB)006522862DSV01</subfield></datafield><datafield ind1=" " ind2=" " tag="035"><subfield code="a">(RERO)0815765-41slsp</subfield></datafield><datafield ind1=" " ind2=" " tag="035"><subfield code="a">(ABN)000257274ABN01</subfield></datafield><datafield ind1=" " ind2=" " tag="035"><subfield code="a">(EXLNZ-41SLSP_NETWORK)991144581979705501</subfield></datafield><datafield ind1=" " ind2=" " tag="040"><subfield code="a">SzZuIDS BS/BE A100</subfield><subfield code="e">kids</subfield><subfield code="d">CH-ZuSLS</subfield></datafield><datafield ind1=" " ind2=" " tag="044"><subfield code="a">sz</subfield><subfield code="c">ch-fr</subfield></datafield><datafield ind1=" " ind2="7" tag="072"><subfield code="a">780</subfield><subfield code="2">IDS LU</subfield></datafield><datafield ind1=" " ind2="7" tag="072"><subfield code="a">th</subfield><subfield code="2">rero</subfield></datafield><datafield ind1=" " ind2="7" tag="072"><subfield code="a">ht</subfield><subfield code="2">rero</subfield></datafield><datafield ind1="1" ind2=" " tag="100"><subfield code="6">880-01</subfield><subfield code="a">Müller, Iso</subfield><subfield code="d">1901-1987</subfield><subfield code="0">(IDREF)121368122</subfield><subfield code="4">cre</subfield></datafield><datafield ind1="1" ind2=" " tag="880"><subfield code="a">Müller, Iso</subfield><subfield code="d">1901-1987</subfield><subfield code="0">(DE-588)124298338</subfield><subfield code="6">100-01</subfield></datafield><datafield ind1="1" ind2="0" tag="245"><subfield code="a">&lt;&lt;Die&gt;&gt; Abtei Disentis, 1634-1655</subfield><subfield code="c">von Iso Müller</subfield></datafield><datafield ind1=" " ind2="1" tag="264"><subfield code="a">Freiburg Schw.</subfield><subfield code="b">Paulusverl.</subfield><subfield code="c">1952</subfield></datafield><datafield ind1=" " ind2=" " tag="300"><subfield code="a">VIII, 301 p.</subfield><subfield code="c">24 cm</subfield></datafield><datafield ind1=" " ind2=" " tag="336"><subfield code="b">txt</subfield><subfield code="2">rdacontent</subfield></datafield><datafield ind1=" " ind2=" " tag="337"><subfield code="b">n</subfield><subfield code="2">rdamedia</subfield></datafield><datafield ind1=" " ind2=" " tag="338"><subfield code="b">nc</subfield><subfield code="2">rdacarrier</subfield></datafield><datafield ind1="1" ind2=" " tag="490"><subfield code="a">Zeitschrift für Schweizerische Kirchengeschichte. Beiheft</subfield><subfield code="v">11</subfield></datafield><datafield ind1=" " ind2="7" tag="650"><subfield code="a">Bénédictins</subfield><subfield code="0">(IDREF)050547410</subfield><subfield code="2">idref</subfield></datafield><datafield ind1=" " ind2="7" tag="650"><subfield code="a">1634-1655</subfield><subfield code="2">rero</subfield></datafield><datafield ind1=" " ind2="7" tag="650"><subfield code="a">Abbayes</subfield><subfield code="0">(IDREF)027268535</subfield><subfield code="2">idref</subfield></datafield><datafield ind1=" " ind2="7" tag="651"><subfield code="a">Disentis (Suisse)</subfield><subfield code="0">(RERO)A010074448</subfield><subfield code="2">rero</subfield></datafield><datafield ind1=" " ind2="7" tag="651"><subfield code="a">Urseren (Suisse, vallée)</subfield><subfield code="0">(RERO)A010389356</subfield><subfield code="2">rero</subfield></datafield><datafield ind1=" " ind2=" " tag="690"><subfield code="a">Disentis</subfield><subfield code="2">uzb-UL</subfield></datafield><datafield ind1="1" ind2=" " tag="800"><subfield code="a">Müller, Iso</subfield><subfield code="d">1901-1987</subfield><subfield code="t">&lt;&lt;Die&gt;&gt; Abtei Disentis</subfield><subfield code="v">1</subfield></datafield><datafield ind1=" " ind2="0" tag="830"><subfield code="a">Zeitschrift für schweizerische Kirchengeschichte</subfield><subfield code="p">Beiheft</subfield><subfield code="v">11</subfield><subfield code="w">(IDSLU)000283415ILU01</subfield></datafield><datafield ind1=" " ind2="0" tag="830"><subfield code="a">Zeitschrift für schweizerische Kirchengeschichte</subfield><subfield code="p">Beihefte</subfield><subfield code="p">Supplément</subfield><subfield code="v">11</subfield><subfield code="w">(NEBIS)009197508EBI01</subfield></datafield><datafield ind1=" " ind2=" " tag="900"><subfield code="f">IDSU2medea</subfield></datafield><datafield ind1=" " ind2=" " tag="900"><subfield code="a">REROnoselfmerge</subfield></datafield><datafield ind1=" " ind2=" " tag="993"><subfield code="a">BFLA 28465/1</subfield><subfield code="x">ge/ulro/d/88/13</subfield><subfield code="9">LOCAL</subfield></datafield></record>
</metadata></record>