<record><header><identifier>oai:alma.41SLSP_UGE:991000802299705502</identifier><datestamp>2024-03-09T01:35:58Z</datestamp><setSpec>uge_bcen_RapidILL_BOOK</setSpec><setSpec>uge_aaca_RapidILL_BOOK</setSpec><setSpec>uge_abels_RapidILL_BOOK</setSpec><setSpec>uge_dbu_RapidILL_BOOK</setSpec><setSpec>uge_cmu_RapidILL_BOOK</setSpec><setSpec>uge_mail_RapidILL_BOOK</setSpec><setSpec>uge_abbat_RapidILL_BOOK</setSpec><setSpec>UNIGE_ALL</setSpec><setSpec>uge_acar_RapidILL_BOOK</setSpec><setSpec>uge_aobs_RapidILL_BOOK</setSpec></header><metadata>
<record xmlns="http://www.loc.gov/MARC21/slim" xmlns:xsi="http://www.w3.org/2001/XMLSchema-instance" xsi:schemaLocation="http://www.loc.gov/MARC21/slim http://www.loc.gov/standards/marcxml/schema/MARC21slim.xsd"><leader>05434nam a2201021 c 4500</leader><controlfield tag="001">991000802299705502</controlfield><controlfield tag="005">20240308215541.0</controlfield><controlfield tag="008">201011s2014    gw       m    00| | ger| </controlfield><datafield ind1=" " ind2=" " tag="015"><subfield code="a">13,N50</subfield><subfield code="2">dnb</subfield></datafield><datafield ind1="7" ind2=" " tag="016"><subfield code="a">1044778210</subfield><subfield code="2">DE-101</subfield></datafield><datafield ind1=" " ind2=" " tag="020"><subfield code="a">3868542779</subfield><subfield code="q">kartoniert</subfield></datafield><datafield ind1=" " ind2=" " tag="020"><subfield code="a">9783868542776</subfield><subfield code="q">kartoniert</subfield><subfield code="c">EUR 28.00</subfield></datafield><datafield ind1=" " ind2=" " tag="035"><subfield code="a">(swissbib)230409466-41slsp_network</subfield></datafield><datafield ind1=" " ind2=" " tag="035"><subfield code="a">230409466</subfield><subfield code="9">ExL</subfield></datafield><datafield ind1=" " ind2=" " tag="035"><subfield code="a">(NEBIS)010132734EBI01</subfield></datafield><datafield ind1=" " ind2=" " tag="035"><subfield code="a">(IDSBB)006220088DSV01</subfield></datafield><datafield ind1=" " ind2=" " tag="035"><subfield code="a">(RERO)R007674671-41slsp</subfield></datafield><datafield ind1=" " ind2=" " tag="035"><subfield code="a">(IDSLU)001141002ILU01</subfield></datafield><datafield ind1=" " ind2=" " tag="035"><subfield code="a">(OCoLC)865145338</subfield></datafield><datafield ind1=" " ind2=" " tag="035"><subfield code="a">(ABN)000765191ABN01</subfield></datafield><datafield ind1=" " ind2=" " tag="035"><subfield code="a">(ALEX)bv9974716101791</subfield></datafield><datafield ind1=" " ind2=" " tag="035"><subfield code="a">(EXLNZ-41SLSP_NETWORK)991051219579705501</subfield></datafield><datafield ind1=" " ind2=" " tag="040"><subfield code="a">GWDNB</subfield><subfield code="b">ger</subfield><subfield code="e">rda</subfield><subfield code="d">CH-ZuSLS</subfield></datafield><datafield ind1=" " ind2=" " tag="043"><subfield code="a">a-kz---</subfield></datafield><datafield ind1="0" ind2="4" tag="050"><subfield code="a">DK908.8618</subfield><subfield code="b">.K56 2014</subfield></datafield><datafield ind1=" " ind2="7" tag="072"><subfield code="a">og</subfield><subfield code="2">SzZuIDS BS/BE</subfield></datafield><datafield ind1=" " ind2="7" tag="072"><subfield code="a">wg</subfield><subfield code="2">SzZuIDS BS/BE</subfield></datafield><datafield ind1=" " ind2="7" tag="072"><subfield code="a">ht</subfield><subfield code="2">rero</subfield></datafield><datafield ind1=" " ind2="7" tag="072"><subfield code="a">sp</subfield><subfield code="2">rero</subfield></datafield><datafield ind1=" " ind2="7" tag="072"><subfield code="a">630</subfield><subfield code="2">IDS LU</subfield></datafield><datafield ind1="0" ind2="4" tag="082"><subfield code="a">947.0842</subfield><subfield code="2">22/ger</subfield></datafield><datafield ind1="0" ind2="4" tag="082"><subfield code="a">943</subfield></datafield><datafield ind1="1" ind2="4" tag="082"><subfield code="a">940</subfield><subfield code="2">15</subfield></datafield><datafield ind1="1" ind2="4" tag="082"><subfield code="a">330</subfield><subfield code="2">15</subfield></datafield><datafield ind1=" " ind2=" " tag="084"><subfield code="a">NQ 5071</subfield><subfield code="2">rvk</subfield></datafield><datafield ind1=" " ind2=" " tag="084"><subfield code="a">NQ 5085</subfield><subfield code="2">rvk</subfield></datafield><datafield ind1="1" ind2=" " tag="100"><subfield code="6">880-01</subfield><subfield code="a">Kindler, Robert</subfield><subfield code="d">1978-....</subfield><subfield code="0">(IDREF)182107191</subfield><subfield code="4">aut</subfield></datafield><datafield ind1="1" ind2=" " tag="880"><subfield code="a">Kindler, Robert</subfield><subfield code="d">1978-</subfield><subfield code="6">100-01</subfield><subfield code="4">aut</subfield><subfield code="0">(DE-588)1049274385</subfield></datafield><datafield ind1="1" ind2="0" tag="245"><subfield code="a">Stalins Nomaden</subfield><subfield code="b">Herrschaft und Hunger in Kasachstan</subfield><subfield code="c">Robert Kindler</subfield></datafield><datafield ind1=" " ind2="1" tag="264"><subfield code="a">Hamburg</subfield><subfield code="b">Hamburger Edition</subfield><subfield code="c">[2014]</subfield></datafield><datafield ind1=" " ind2="4" tag="264"><subfield code="c">© 2014</subfield></datafield><datafield ind1=" " ind2=" " tag="300"><subfield code="a">381 Seiten</subfield><subfield code="b">Illustrationen, Karten</subfield><subfield code="c">22 cm</subfield></datafield><datafield ind1=" " ind2=" " tag="336"><subfield code="b">txt</subfield><subfield code="2">rdacontent</subfield></datafield><datafield ind1=" " ind2=" " tag="337"><subfield code="b">n</subfield><subfield code="2">rdamedia</subfield></datafield><datafield ind1=" " ind2=" " tag="338"><subfield code="b">nc</subfield><subfield code="2">rdacarrier</subfield></datafield><datafield ind1="0" ind2=" " tag="490"><subfield code="a">Studien zur Gewaltgeschichte des 20. Jahrhunderts</subfield></datafield><datafield ind1=" " ind2=" " tag="500"><subfield code="a">Hier auch später erschienene unveränderte Nachdrucke.</subfield></datafield><datafield ind1=" " ind2=" " tag="502"><subfield code="b">Dissertation</subfield><subfield code="c">Humboldt-Universität Berlin</subfield><subfield code="d">2012</subfield></datafield><datafield ind1=" " ind2=" " tag="504"><subfield code="a">Quellen- und Literaturverzeichnis Seiten 354-381</subfield></datafield><datafield ind1=" " ind2=" " tag="520"><subfield code="a">Stalins Sowjetunion duldete keine Nomaden. Die im Land umherziehende Bevölkerung war weder politisch noch ökonomisch kontrollierbar. Staatliche Herrschaft ließ sich unter diesen Umständen kaum durchsetzen. So begannen die Bolschewiki Ende der 1920er Jahre mit der konsequenten Unterwerfung der multiethnischen Bevölkerung Kasachstans mittels Sesshaftmachung, Kollektivierung und Dekulakisierung. Die Requirierung der landwirtschaftlichen Ressourcen, vor allem der Viehherden, zerstörte die Lebensgrundlagen der kasachischen Nomaden. Die Ökonomie der Steppe brach zusammen. Eine präzendenzlose Hungerkatastrophe, die zwischen 1930 und 1934 mehr als eineinhalb Millionen Menschen das Leben kostete und Hunderttausende zu Flüchtlingen machte, war die Folge. Sowjetisierung durch Hunger so nennt Robert Kindler das Projekt der Bolschewiki, Menschen durch die Inszenierung von Krisen in gehorsame Untertanen zu verwandeln. Je desaströser die Krise, je schlimmer Chaos und Elend waren, desto größer wurde die Macht der Herrschenden. Robert Kindler untersucht nicht nur die Auslöser der Hungersnot, sondern auch, was sie über die Herrschaftsdurchsetzung an der sowjetischen Peripherie aussagt. Seine innovative Analyse führt zum Kern stalinistischer Herrschaft.--Bucheinband</subfield></datafield><datafield ind1=" " ind2="7" tag="648"><subfield code="a">Geschichte 1900-1950</subfield><subfield code="2">idszbz</subfield></datafield><datafield ind1=" " ind2="7" tag="648"><subfield code="a">Geschichte 1930-1934</subfield><subfield code="2">gnd</subfield></datafield><datafield ind1=" " ind2="7" tag="648"><subfield code="a">Geschichte 1925-1937</subfield><subfield code="2">gnd</subfield></datafield><datafield ind1=" " ind2="7" tag="650"><subfield code="a">Kolonialismus</subfield><subfield code="2">gnd</subfield><subfield code="0">(DE-588)4073624-6</subfield></datafield><datafield ind1=" " ind2="7" tag="650"><subfield code="a">Russischer Einwanderer</subfield><subfield code="2">gnd</subfield><subfield code="0">(DE-588)4372430-9</subfield></datafield><datafield ind1=" " ind2="7" tag="650"><subfield code="a">Siedler</subfield><subfield code="2">gnd</subfield><subfield code="0">(DE-588)4332482-4</subfield></datafield><datafield ind1=" " ind2="7" tag="650"><subfield code="a">Kulturkonflikt</subfield><subfield code="2">gnd</subfield><subfield code="0">(DE-588)4127656-5</subfield></datafield><datafield ind1=" " ind2="7" tag="650"><subfield code="a">Nomadismus</subfield><subfield code="2">gnd</subfield><subfield code="0">(DE-588)4140286-8</subfield></datafield><datafield ind1=" " ind2="7" tag="650"><subfield code="a">Nutztierzucht</subfield><subfield code="2">gnd</subfield><subfield code="0">(DE-588)4474521-7</subfield></datafield><datafield ind1=" " ind2="7" tag="650"><subfield code="a">Politische Verfolgung</subfield><subfield code="2">gnd</subfield><subfield code="0">(DE-588)4046565-2</subfield></datafield><datafield ind1=" " ind2="7" tag="650"><subfield code="a">Herrschaft</subfield><subfield code="2">gnd</subfield><subfield code="0">(DE-588)4024596-2</subfield></datafield><datafield ind1=" " ind2="7" tag="650"><subfield code="a">Kazakhs</subfield><subfield code="0">(IDREF)028998634</subfield><subfield code="2">idref</subfield></datafield><datafield ind1=" " ind2="7" tag="650"><subfield code="a">Nomades</subfield><subfield code="0">(IDREF)027311546</subfield><subfield code="2">idref</subfield></datafield><datafield ind1=" " ind2="7" tag="650"><subfield code="a">Sédentarisation</subfield><subfield code="0">(IDREF)029559839</subfield><subfield code="2">idref</subfield></datafield><datafield ind1=" " ind2="7" tag="650"><subfield code="a">Collectivisation de l'agriculture</subfield><subfield code="0">(IDREF)027355527</subfield><subfield code="2">idref</subfield></datafield><datafield ind1=" " ind2="7" tag="650"><subfield code="a">Famines</subfield><subfield code="0">(IDREF)027606309</subfield><subfield code="2">idref</subfield></datafield><datafield ind1=" " ind2="7" tag="650"><subfield code="a">Stalinisme</subfield><subfield code="0">(IDREF)027437094</subfield><subfield code="2">idref</subfield></datafield><datafield ind1=" " ind2="7" tag="650"><subfield code="a">20e siècle (1re moitié)</subfield><subfield code="0">(RERO)A022473300</subfield><subfield code="2">rero</subfield></datafield><datafield ind1=" " ind2="7" tag="650"><subfield code="a">Kommunismus</subfield><subfield code="2">gnd</subfield><subfield code="0">(DE-588)4031892-8</subfield></datafield><datafield ind1=" " ind2="7" tag="650"><subfield code="a">Stalinismus</subfield><subfield code="2">gnd</subfield><subfield code="0">(DE-588)4056883-0</subfield></datafield><datafield ind1=" " ind2="7" tag="650"><subfield code="a">Hungersnot</subfield><subfield code="2">gnd</subfield><subfield code="0">(DE-588)4160816-1</subfield></datafield><datafield ind1=" " ind2="7" tag="650"><subfield code="a">Bürgerkrieg</subfield><subfield code="2">gnd</subfield><subfield code="0">(DE-588)4008784-0</subfield></datafield><datafield ind1=" " ind2="7" tag="650"><subfield code="a">Kollektivierung</subfield><subfield code="2">gnd</subfield><subfield code="0">(DE-588)4164682-4</subfield></datafield><datafield ind1=" " ind2="7" tag="650"><subfield code="a">Kampagne</subfield><subfield code="2">gnd</subfield><subfield code="0">(DE-588)7612519-1</subfield></datafield><datafield ind1=" " ind2="7" tag="650"><subfield code="a">Sesshaftmachen</subfield><subfield code="2">gnd</subfield><subfield code="0">(DE-588)4306879-0</subfield></datafield><datafield ind1=" " ind2="7" tag="650"><subfield code="a">Nomade</subfield><subfield code="2">gnd</subfield><subfield code="0">(DE-588)4042452-2</subfield></datafield><datafield ind1=" " ind2="7" tag="650"><subfield code="a">Kasachen</subfield><subfield code="2">gnd</subfield><subfield code="0">(DE-588)4218445-9</subfield></datafield><datafield ind1=" " ind2="7" tag="651"><subfield code="a">Kazakhstan</subfield><subfield code="0">(IDREF)027351076</subfield><subfield code="2">idref</subfield></datafield><datafield ind1=" " ind2="7" tag="651"><subfield code="a">URSS</subfield><subfield code="0">(IDREF)027332519</subfield><subfield code="2">idref</subfield></datafield><datafield ind1=" " ind2="7" tag="651"><subfield code="a">Sowjetunion</subfield><subfield code="0">(DE-588)4077548-3</subfield><subfield code="2">gnd</subfield></datafield><datafield ind1=" " ind2="7" tag="651"><subfield code="a">Kasachstan</subfield><subfield code="0">(DE-588)4029839-5</subfield><subfield code="2">gnd</subfield></datafield><datafield ind1="0" ind2="8" tag="776"><subfield code="i">Erscheint auch als</subfield><subfield code="n">Online-Ausgabe</subfield><subfield code="z">9783868546132</subfield></datafield><datafield ind1="0" ind2="8" tag="776"><subfield code="i">Erscheint auch als</subfield><subfield code="n">Online-Ausgabe</subfield><subfield code="z">9783868546125</subfield></datafield><datafield ind1="4" ind2=" " tag="856"><subfield code="3">Titelblatt und Inhaltsverzeichnis</subfield><subfield code="u">https://toc.library.ethz.ch/objects/pdf03/z01_978-3-86854-277-6_01.pdf</subfield><subfield code="q">pdf</subfield></datafield><datafield ind1="4" ind2="2" tag="856"><subfield code="u">https://deposit.dnb.de/cgi-bin/dokserv?id=4527162&amp;prov=M&amp;dok_var=1&amp;dok_ext=htm</subfield><subfield code="z">Inhaltstext</subfield></datafield><datafield ind1=" " ind2=" " tag="900"><subfield code="a">IDSZ2zbzmon201405l</subfield><subfield code="c">IDSZ2meyc</subfield><subfield code="d">IDSZ2zbzswk201406g</subfield><subfield code="e">IDSZ2brue</subfield></datafield><datafield ind1=" " ind2=" " tag="900"><subfield code="a">REROnoselfmerge</subfield></datafield><datafield ind1=" " ind2=" " tag="949"><subfield code="a">https://toc.library.ethz.ch/objects/pdf03/z01_978-3-86854-277-6_01.pdf</subfield></datafield><datafield ind1=" " ind2=" " tag="949"><subfield code="a">https://deposit.dnb.de/cgi-bin/dokserv?id=4527162&amp;prov=M&amp;dok_var=1&amp;dok_ext=htm</subfield></datafield></record>
</metadata></record>