<record><header><identifier>oai:alma.41SLSP_UGE:991000802179705502</identifier><datestamp>2023-11-27T01:23:11Z</datestamp><setSpec>uge_bcen_RapidILL_BOOK</setSpec><setSpec>uge_aaca_RapidILL_BOOK</setSpec><setSpec>uge_abels_RapidILL_BOOK</setSpec><setSpec>uge_dbu_RapidILL_BOOK</setSpec><setSpec>uge_cmu_RapidILL_BOOK</setSpec><setSpec>uge_mail_RapidILL_BOOK</setSpec><setSpec>uge_abbat_RapidILL_BOOK</setSpec><setSpec>UNIGE_ALL</setSpec><setSpec>uge_acar_RapidILL_BOOK</setSpec><setSpec>uge_aobs_RapidILL_BOOK</setSpec></header><metadata>
<record xmlns="http://www.loc.gov/MARC21/slim" xmlns:xsi="http://www.w3.org/2001/XMLSchema-instance" xsi:schemaLocation="http://www.loc.gov/MARC21/slim http://www.loc.gov/standards/marcxml/schema/MARC21slim.xsd"><leader>01660naa a2200265 c 4500</leader><controlfield tag="001">991000802179705502</controlfield><controlfield tag="005">20230629190512.0</controlfield><controlfield tag="008">050908s2005    sz ||||| |||| 00| ||fre d</controlfield><datafield ind1=" " ind2=" " tag="035"><subfield code="a">(swissbib)102358575-41slsp_network</subfield></datafield><datafield ind1=" " ind2=" " tag="035"><subfield code="a">102358575</subfield><subfield code="9">ExL</subfield></datafield><datafield ind1=" " ind2=" " tag="035"><subfield code="a">(RERO)R003902974-41slsp</subfield></datafield><datafield ind1=" " ind2=" " tag="035"><subfield code="a">(ALEX)bv000897838</subfield></datafield><datafield ind1=" " ind2=" " tag="035"><subfield code="a">(EXLNZ-41SLSP_NETWORK)991065370169705501</subfield></datafield><datafield ind1=" " ind2=" " tag="040"><subfield code="a">RERO laisdc</subfield><subfield code="d">CH-ZuSLS</subfield></datafield><datafield ind1=" " ind2="7" tag="072"><subfield code="a">dr</subfield><subfield code="2">rero</subfield></datafield><datafield ind1=" " ind2=" " tag="084"><subfield code="a">CA/CH 35 i</subfield><subfield code="2">cjurrom</subfield></datafield><datafield ind1="1" ind2=" " tag="100"><subfield code="a">Schwab, Philippe</subfield><subfield code="c">juriste</subfield><subfield code="0">(RERO)A012343553</subfield><subfield code="4">cre</subfield></datafield><datafield ind1="1" ind2="0" tag="245"><subfield code="a">&lt;&lt;L'&gt;&gt;évaluation au service du Parlement ?</subfield><subfield code="c">Philippe Schwab</subfield></datafield><datafield ind1=" " ind2=" " tag="336"><subfield code="b">txt</subfield><subfield code="2">rdacontent</subfield></datafield><datafield ind1=" " ind2=" " tag="337"><subfield code="b">n</subfield><subfield code="2">rdamedia</subfield></datafield><datafield ind1=" " ind2=" " tag="338"><subfield code="b">nc</subfield><subfield code="2">rdacarrier</subfield></datafield><datafield ind1=" " ind2=" " tag="500"><subfield code="a">Numéro thématique: Politik und Evaluation</subfield></datafield><datafield ind1=" " ind2=" " tag="580"><subfield code="a">In: LeGes : Gesetzgebung &amp; Evaluation. - Jg. 16(2005), H. 1, S. 39-49</subfield></datafield><datafield ind1=" " ind2="7" tag="650"><subfield code="a">staatliches Handeln</subfield><subfield code="9">ger</subfield><subfield code="0">(RERO)jurivoc000021138ger</subfield><subfield code="2">jurivoc</subfield></datafield><datafield ind1=" " ind2="7" tag="650"><subfield code="a">Beurteilung(allgemein)</subfield><subfield code="9">ger</subfield><subfield code="0">(RERO)jurivoc000003823ger</subfield><subfield code="2">jurivoc</subfield></datafield><datafield ind1=" " ind2="7" tag="650"><subfield code="a">Wirksamkeit</subfield><subfield code="9">ger</subfield><subfield code="0">(RERO)jurivoc000026659ger</subfield><subfield code="2">jurivoc</subfield></datafield><datafield ind1=" " ind2="7" tag="651"><subfield code="a">Schweiz</subfield><subfield code="9">ger</subfield><subfield code="0">(RERO)jurivoc000019912ger</subfield><subfield code="2">jurivoc</subfield></datafield><datafield ind1="0" ind2=" " tag="773"><subfield code="t">LeGes : Gesetzgebung &amp; Evaluation : ... Jahrgang des Mitteilungsblattes der Schweizerischen Gesellschaft für Gesetzgebung (SGG) und der Schweizerischen Evaluationsgesellschaft (SEVAL) = Législation &amp; évaluation : ... année du bulletin de la Société suisse de législation (SSL) et de la Société suisse d'évaluation (SEVAL) = Legislazione &amp; valutazione : anno ... del bollettino della Società svizzera di legislazione (SSL) e della Società svizzera di valutazione (SEVAL) = Legislaziun &amp; evaluaziun : ... annada dal bulletin de la Societad svizra da legislaziun (SSL) e de la Societad svizra d'evaluaziun (SEVAL)</subfield><subfield code="g">2005/1/39</subfield><subfield code="g">yr:2005</subfield><subfield code="w">(RERO)R269577160-41slsp</subfield></datafield></record>
</metadata></record>