<record><header><identifier>oai:alma.41SLSP_UGE:991000801659705502</identifier><datestamp>2023-08-23T00:42:56Z</datestamp><setSpec>uge_bcen_RapidILL_BOOK</setSpec><setSpec>uge_aaca_RapidILL_BOOK</setSpec><setSpec>uge_abels_RapidILL_BOOK</setSpec><setSpec>uge_dbu_RapidILL_BOOK</setSpec><setSpec>uge_cmu_RapidILL_BOOK</setSpec><setSpec>uge_mail_RapidILL_BOOK</setSpec><setSpec>uge_abbat_RapidILL_BOOK</setSpec><setSpec>UNIGE_ALL</setSpec><setSpec>uge_aobs_RapidILL_BOOK</setSpec><setSpec>uge_acar_RapidILL_BOOK</setSpec></header><metadata>
<record xmlns="http://www.loc.gov/MARC21/slim" xmlns:xsi="http://www.w3.org/2001/XMLSchema-instance" xsi:schemaLocation="http://www.loc.gov/MARC21/slim http://www.loc.gov/standards/marcxml/schema/MARC21slim.xsd"><leader>03166nam a2200649 c 4500</leader><controlfield tag="001">991000801659705502</controlfield><controlfield tag="005">20230630221439.0</controlfield><controlfield tag="008">201011s2002    sz            00| | fre d</controlfield><datafield ind1=" " ind2=" " tag="020"><subfield code="a">3727210087</subfield><subfield code="c">Fr. 108.-</subfield></datafield><datafield ind1=" " ind2=" " tag="035"><subfield code="a">(swissbib)217678602-41slsp_network</subfield></datafield><datafield ind1=" " ind2=" " tag="035"><subfield code="a">217678602</subfield><subfield code="9">ExL</subfield></datafield><datafield ind1=" " ind2=" " tag="035"><subfield code="a">(IDSBB)002479740DSV01</subfield></datafield><datafield ind1=" " ind2=" " tag="035"><subfield code="a">(IDSLU)000241661ILU01</subfield></datafield><datafield ind1=" " ind2=" " tag="035"><subfield code="a">(RERO)R003206553-41slsp</subfield></datafield><datafield ind1=" " ind2=" " tag="035"><subfield code="a">(EXLNZ-41SLSP_NETWORK)991140424719705501</subfield></datafield><datafield ind1=" " ind2=" " tag="040"><subfield code="a">SzZuIDS BS/BE A208</subfield><subfield code="e">kids</subfield><subfield code="d">CH-ZuSLS</subfield></datafield><datafield ind1=" " ind2=" " tag="044"><subfield code="a">sz</subfield><subfield code="c">ch-be</subfield></datafield><datafield ind1=" " ind2="7" tag="072"><subfield code="a">rw</subfield><subfield code="2">SzZuIDS BS/BE</subfield></datafield><datafield ind1=" " ind2="7" tag="072"><subfield code="a">840</subfield><subfield code="2">IDS LU</subfield></datafield><datafield ind1=" " ind2="7" tag="072"><subfield code="a">dr</subfield><subfield code="2">rero</subfield></datafield><datafield ind1="1" ind2="4" tag="082"><subfield code="a">340</subfield><subfield code="2">15</subfield></datafield><datafield ind1=" " ind2=" " tag="084"><subfield code="a">CA/CH 70 g</subfield><subfield code="2">cjurrom</subfield></datafield><datafield ind1="1" ind2=" " tag="100"><subfield code="6">880-01</subfield><subfield code="a">Steinauer, Paul-Henri</subfield><subfield code="d">1948-2021</subfield><subfield code="0">(IDREF)031657907</subfield><subfield code="4">cre</subfield></datafield><datafield ind1="1" ind2=" " tag="880"><subfield code="6">100-01</subfield><subfield code="a">Steinauer, Paul-Henri</subfield><subfield code="d">1948-2021</subfield><subfield code="0">(DE-588)104917609X</subfield></datafield><datafield ind1="1" ind2="0" tag="245"><subfield code="a">Propriété foncière, propriété mobilière, généralités sur les droits réels limités, servitudes foncières</subfield><subfield code="c">Paul-Henri Steinauer</subfield></datafield><datafield ind1=" " ind2=" " tag="250"><subfield code="a">3e éd.</subfield></datafield><datafield ind1=" " ind2="1" tag="264"><subfield code="a">Berne</subfield><subfield code="b">Staempfli</subfield><subfield code="c">2002</subfield></datafield><datafield ind1=" " ind2=" " tag="300"><subfield code="a">445 S.</subfield><subfield code="c">23 cm</subfield></datafield><datafield ind1=" " ind2=" " tag="336"><subfield code="b">txt</subfield><subfield code="2">rdacontent</subfield></datafield><datafield ind1=" " ind2=" " tag="337"><subfield code="b">n</subfield><subfield code="2">rdamedia</subfield></datafield><datafield ind1=" " ind2=" " tag="338"><subfield code="b">nc</subfield><subfield code="2">rdacarrier</subfield></datafield><datafield ind1="1" ind2=" " tag="490"><subfield code="a">Les droits réels / Paul-Henri Steinauer</subfield><subfield code="v">T. 2, Ed. 3</subfield></datafield><datafield ind1="0" ind2=" " tag="490"><subfield code="a">Précis de droit Staempfli</subfield></datafield><datafield ind1="8" ind2=" " tag="520"><subfield code="a">Deuxième volume du précis des droits réels, cet ouvrage traite : de la propriété foncière (acquisition, étendue, restrictions volontaires et légales), à l'exclusion de la propriété par étages ; de la propriété mobilière (acquisition, étendue, restrictions) ; des généralités sur les droits réels limités (rangs, droits réels limités sur sa propre chose) ; - des servitudes foncières (constitution, effets). La troisième édition a permis de tenir compte des changements intervenus dans la législation, la jurisprudence et la doctrine depuis huit ans. La présentation de l'ouvrage a également été modifiée pour faciliter la lecture.</subfield></datafield><datafield ind1=" " ind2="7" tag="650"><subfield code="a">Dingliches Recht</subfield><subfield code="0">(DE-588)4149996-7</subfield><subfield code="2">gnd</subfield></datafield><datafield ind1=" " ind2="7" tag="650"><subfield code="a">Grunddienstbarkeit</subfield><subfield code="0">(DE-588)4158375-9</subfield><subfield code="2">gnd</subfield></datafield><datafield ind1=" " ind2="7" tag="650"><subfield code="a">Eigentum</subfield><subfield code="0">(DE-588)4013793-4</subfield><subfield code="2">gnd</subfield></datafield><datafield ind1=" " ind2="7" tag="650"><subfield code="a">Grundeigentum</subfield><subfield code="0">(DE-588)4072130-9</subfield><subfield code="2">gnd</subfield></datafield><datafield ind1=" " ind2="7" tag="650"><subfield code="a">Sachenrecht</subfield><subfield code="0">(DE-588)4051148-0</subfield><subfield code="2">gnd</subfield></datafield><datafield ind1=" " ind2="7" tag="650"><subfield code="a">Baurecht</subfield><subfield code="g">Dienstbarkeit</subfield><subfield code="0">(DE-588)4334017-9</subfield><subfield code="2">gnd</subfield></datafield><datafield ind1=" " ind2="7" tag="650"><subfield code="a">Sachenrecht</subfield><subfield code="9">ger</subfield><subfield code="0">(RERO)jurivoc000019225ger</subfield><subfield code="2">jurivoc</subfield></datafield><datafield ind1=" " ind2="2" tag="650"><subfield code="a">Jurisprudence</subfield></datafield><datafield ind1=" " ind2="2" tag="650"><subfield code="a">Ownership</subfield></datafield><datafield ind1=" " ind2="2" tag="650"><subfield code="a">Ownership</subfield><subfield code="x">legislation &amp; jurisprudence</subfield></datafield><datafield ind1=" " ind2="7" tag="650"><subfield code="a">Propriété foncière</subfield><subfield code="0">(IDREF)027293246</subfield><subfield code="2">idref</subfield></datafield><datafield ind1=" " ind2="7" tag="650"><subfield code="a">Droit des biens</subfield><subfield code="0">(IDREF)028472772</subfield><subfield code="2">idref</subfield></datafield><datafield ind1=" " ind2="7" tag="651"><subfield code="a">Schweiz</subfield><subfield code="0">(DE-588)4053881-3</subfield><subfield code="2">gnd</subfield></datafield><datafield ind1=" " ind2="7" tag="651"><subfield code="a">Schweiz</subfield><subfield code="9">ger</subfield><subfield code="0">(RERO)jurivoc000019912ger</subfield><subfield code="2">jurivoc</subfield></datafield><datafield ind1=" " ind2="2" tag="651"><subfield code="a">Switzerland</subfield></datafield><datafield ind1=" " ind2="7" tag="651"><subfield code="a">Suisse</subfield><subfield code="0">(IDREF)027249654</subfield><subfield code="2">idref</subfield></datafield><datafield ind1=" " ind2="7" tag="655"><subfield code="a">Lehrbuch</subfield><subfield code="2">gnd-content</subfield></datafield><datafield ind1=" " ind2="7" tag="655"><subfield code="a">Grundlagenwerk</subfield><subfield code="9">ger</subfield><subfield code="2">jurivoc</subfield><subfield code="0">(RERO)jurivoc000010408ger</subfield></datafield><datafield ind1=" " ind2="2" tag="655"><subfield code="a">Textbook</subfield></datafield><datafield ind1=" " ind2="7" tag="655"><subfield code="a">Manuels d'enseignement</subfield><subfield code="0">(IDREF)027446514</subfield><subfield code="2">idref</subfield></datafield><datafield ind1=" " ind2=" " tag="691"><subfield code="e">PC 70 CH</subfield><subfield code="2">rzs-L1</subfield></datafield><datafield ind1=" " ind2=" " tag="691"><subfield code="e">PC 70.1 CH</subfield><subfield code="2">rzs-L1</subfield></datafield><datafield ind1="1" ind2=" " tag="800"><subfield code="a">Steinauer, Paul-Henri</subfield><subfield code="d">1948-</subfield><subfield code="t">&lt;&lt;Les&gt;&gt; droits réels</subfield><subfield code="v">2/3</subfield><subfield code="w">(IDSBB)005707347DSV01</subfield></datafield><datafield ind1="1" ind2=" " tag="800"><subfield code="a">Steinauer, Paul-Henri</subfield><subfield code="d">1948-</subfield><subfield code="t">&lt;&lt;Les&gt;&gt; droits réels</subfield><subfield code="v">2/3</subfield><subfield code="w">(RERO)0653597-41slsp</subfield></datafield></record>
</metadata></record>