<record><header><identifier>oai:alma.41SLSP_UGE:991000782669705502</identifier><datestamp>2024-11-15T01:09:56Z</datestamp><setSpec>uge_bcen_RapidILL_BOOK</setSpec><setSpec>uge_aaca_RapidILL_BOOK</setSpec><setSpec>uge_abels_RapidILL_BOOK</setSpec><setSpec>uge_dbu_RapidILL_BOOK</setSpec><setSpec>uge_cmu_RapidILL_BOOK</setSpec><setSpec>uge_mail_RapidILL_BOOK</setSpec><setSpec>uge_abbat_RapidILL_BOOK</setSpec><setSpec>UNIGE_ALL</setSpec><setSpec>uge_acar_RapidILL_BOOK</setSpec><setSpec>uge_aobs_RapidILL_BOOK</setSpec></header><metadata>
<record xmlns="http://www.loc.gov/MARC21/slim" xmlns:xsi="http://www.w3.org/2001/XMLSchema-instance" xsi:schemaLocation="http://www.loc.gov/MARC21/slim http://www.loc.gov/standards/marcxml/schema/MARC21slim.xsd"><leader>01935nam a2200313 c 4500</leader><controlfield tag="001">991000782669705502</controlfield><controlfield tag="005">20230210190802.0</controlfield><controlfield tag="008">960912s1993    sz ||||| |||| 00| ||fre d</controlfield><datafield ind1=" " ind2=" " tag="035"><subfield code="a">(swissbib)091659019-41slsp_network</subfield></datafield><datafield ind1=" " ind2=" " tag="035"><subfield code="a">091659019</subfield><subfield code="9">ExL</subfield></datafield><datafield ind1=" " ind2=" " tag="035"><subfield code="a">(RERO)2256772-41slsp</subfield></datafield><datafield ind1=" " ind2=" " tag="035"><subfield code="a">(EXLNZ-41SLSP_NETWORK)991142473079705501</subfield></datafield><datafield ind1=" " ind2=" " tag="040"><subfield code="a">RERO geubfd</subfield><subfield code="d">CH-ZuSLS</subfield></datafield><datafield ind1=" " ind2="7" tag="072"><subfield code="a">dr</subfield><subfield code="2">rero</subfield></datafield><datafield ind1=" " ind2=" " tag="084"><subfield code="a">CA/CH 38.3 c</subfield><subfield code="2">cjurrom</subfield></datafield><datafield ind1="0" ind2="0" tag="245"><subfield code="a">Message concernant la loi fédérale sur l'égalité entre femmes et hommes (loi sur l'égalité) et l'arrêté fédéral relatif à une modification de l'ordonnance concernant l'attribution des offices aux départements et des services à la Chancellerie fédérale, du 24 février 1993</subfield><subfield code="c">Conseil fédéral suisse</subfield></datafield><datafield ind1=" " ind2="1" tag="264"><subfield code="a">[Lieu de publication non identifié]</subfield><subfield code="b">[éditeur non identifié]</subfield><subfield code="c">1993</subfield></datafield><datafield ind1=" " ind2=" " tag="300"><subfield code="a">88 p.</subfield><subfield code="c">21 cm</subfield></datafield><datafield ind1=" " ind2=" " tag="336"><subfield code="b">txt</subfield><subfield code="2">rdacontent</subfield></datafield><datafield ind1=" " ind2=" " tag="337"><subfield code="b">n</subfield><subfield code="2">rdamedia</subfield></datafield><datafield ind1=" " ind2=" " tag="338"><subfield code="b">nc</subfield><subfield code="2">rdacarrier</subfield></datafield><datafield ind1=" " ind2=" " tag="500"><subfield code="a">Mention en haut de la page : 93.024</subfield></datafield><datafield ind1=" " ind2=" " tag="580"><subfield code="a">Deutsche Fassung: Botschaft zum Bundesgesetz über die Gleichstellung von Frau und Mann (Gleichstellungsgesetz) und zum Bundesbeschluss über die Genehmigung einer Änderung der Verordnung über die Zuweisung der Ämter an die Departemente und der Dienste an die Bundeskanzlei, vom 24. Februar 1993</subfield></datafield><datafield ind1=" " ind2="7" tag="650"><subfield code="a">droit - révision</subfield><subfield code="0">(RERO)A009984402</subfield><subfield code="2">rerovoc</subfield></datafield><datafield ind1=" " ind2="7" tag="650"><subfield code="a">Égalité des sexes</subfield><subfield code="0">(IDREF)035268867</subfield><subfield code="2">idref</subfield></datafield><datafield ind1=" " ind2="7" tag="651"><subfield code="a">Suisse</subfield><subfield code="0">(IDREF)027249654</subfield><subfield code="2">idref</subfield></datafield><datafield ind1=" " ind2="7" tag="655"><subfield code="a">Publications officielles</subfield><subfield code="0">(IDREF)027241769</subfield><subfield code="2">idref</subfield></datafield><datafield ind1="2" ind2=" " tag="710"><subfield code="a">Suisse</subfield><subfield code="b">Conseil fédéral</subfield><subfield code="0">(IDREF)026587033</subfield></datafield><datafield ind1="0" ind2=" " tag="775"><subfield code="t">Botschaft zum Bundesgesetz über die Gleichstellung von Frau und Mann (Gleichstellungsgesetz) und zum Bundesbeschluss über die Genehmigung einer Änderung der Verordnung über die Zuweisung der Ämter an die Departemente und der Dienste an die Bundeskanzlei, vom 24. Februar 1993</subfield></datafield><datafield ind1=" " ind2=" " tag="900"><subfield code="a">REROnoselfmerge</subfield></datafield></record>
</metadata></record>