<record><header><identifier>oai:alma.41SLSP_UGE:991000781939705502</identifier><datestamp>2023-06-30T00:17:54Z</datestamp><setSpec>uge_bcen_RapidILL_BOOK</setSpec><setSpec>uge_aaca_RapidILL_BOOK</setSpec><setSpec>uge_abels_RapidILL_BOOK</setSpec><setSpec>uge_dbu_RapidILL_BOOK</setSpec><setSpec>uge_cmu_RapidILL_BOOK</setSpec><setSpec>uge_mail_RapidILL_BOOK</setSpec><setSpec>uge_abbat_RapidILL_BOOK</setSpec><setSpec>UNIGE_ALL</setSpec><setSpec>uge_aobs_RapidILL_BOOK</setSpec><setSpec>uge_acar_RapidILL_BOOK</setSpec></header><metadata>
<record xmlns="http://www.loc.gov/MARC21/slim" xmlns:xsi="http://www.w3.org/2001/XMLSchema-instance" xsi:schemaLocation="http://www.loc.gov/MARC21/slim http://www.loc.gov/standards/marcxml/schema/MARC21slim.xsd"><leader>01414nam a22003737c 4500</leader><controlfield tag="001">991000781939705502</controlfield><controlfield tag="005">20230629192843.0</controlfield><controlfield tag="008">000910m18999999sz ||||| |||| 00| ||ger d</controlfield><datafield ind1=" " ind2=" " tag="035"><subfield code="a">(swissbib)07875061X-41slsp_network</subfield></datafield><datafield ind1=" " ind2=" " tag="035"><subfield code="a">07875061X</subfield><subfield code="9">ExL</subfield></datafield><datafield ind1=" " ind2=" " tag="035"><subfield code="a">(RERO)0395763-41slsp</subfield></datafield><datafield ind1=" " ind2=" " tag="035"><subfield code="a">(EXLNZ-41SLSP_NETWORK)991011261509705501</subfield></datafield><datafield ind1=" " ind2=" " tag="040"><subfield code="a">RERO</subfield><subfield code="d">CH-ZuSLS</subfield></datafield><datafield ind1=" " ind2=" " tag="044"><subfield code="a">sz</subfield><subfield code="c">ch-bs</subfield></datafield><datafield ind1=" " ind2="7" tag="072"><subfield code="a">hm</subfield><subfield code="2">rero</subfield></datafield><datafield ind1=" " ind2="7" tag="072"><subfield code="a">ht</subfield><subfield code="2">rero</subfield></datafield><datafield ind1="0" ind2="0" tag="245"><subfield code="a">Urkunden zur Schweizer Geschichte aus Oesterreichischen Archiven</subfield><subfield code="c">hrsg. von Rudolf Thommen</subfield></datafield><datafield ind1=" " ind2="1" tag="264"><subfield code="a">Basel</subfield><subfield code="b">Birkhäuser</subfield><subfield code="c">1899-1935</subfield></datafield><datafield ind1=" " ind2=" " tag="300"><subfield code="a">5 vol.</subfield><subfield code="c">28 cm</subfield></datafield><datafield ind1=" " ind2=" " tag="336"><subfield code="b">txt</subfield><subfield code="2">rdacontent</subfield></datafield><datafield ind1=" " ind2=" " tag="337"><subfield code="b">n</subfield><subfield code="2">rdamedia</subfield></datafield><datafield ind1=" " ind2=" " tag="338"><subfield code="b">nc</subfield><subfield code="2">rdacarrier</subfield></datafield><datafield ind1="0" ind2="0" tag="505"><subfield code="g">Bd. 1 :</subfield><subfield code="t">765-1370. - 1899. - XVI,634 p</subfield></datafield><datafield ind1="0" ind2="0" tag="505"><subfield code="g">Bd. 2 :</subfield><subfield code="t">1371-1410. - 1900. - IV, 551 p</subfield></datafield><datafield ind1="0" ind2="0" tag="505"><subfield code="g">Bd. 3 :</subfield><subfield code="t">1411-1439. - 1928. - VII, 373 p</subfield></datafield><datafield ind1="0" ind2="0" tag="505"><subfield code="g">Bd. 4 :</subfield><subfield code="t">1440-1479. - 1932. - VII, 501 p</subfield></datafield><datafield ind1="0" ind2="0" tag="505"><subfield code="g">Bd. 5 :</subfield><subfield code="t">1480-1499. - 1935. - 383 p</subfield></datafield><datafield ind1=" " ind2="7" tag="650"><subfield code="a">Geschichte</subfield><subfield code="9">ger</subfield><subfield code="0">(RERO)jurivoc000009794ger</subfield><subfield code="2">jurivoc</subfield></datafield><datafield ind1=" " ind2="7" tag="650"><subfield code="a">Schweizergeschichte</subfield><subfield code="9">ger</subfield><subfield code="0">(RERO)jurivoc000019922ger</subfield><subfield code="2">jurivoc</subfield></datafield><datafield ind1=" " ind2="7" tag="650"><subfield code="a">Rechtsquelle</subfield><subfield code="9">ger</subfield><subfield code="0">(RERO)jurivoc000018441ger</subfield><subfield code="2">jurivoc</subfield></datafield><datafield ind1=" " ind2="7" tag="650"><subfield code="a">origines</subfield><subfield code="0">(RERO)A009950802</subfield><subfield code="2">rerovoc</subfield></datafield><datafield ind1=" " ind2="7" tag="650"><subfield code="a">50000 av. J.-C.-20e siècle</subfield><subfield code="0">(RERO)A026984177</subfield><subfield code="2">rero</subfield></datafield><datafield ind1=" " ind2="7" tag="651"><subfield code="a">Suisse</subfield><subfield code="0">(IDREF)027249654</subfield><subfield code="2">idref</subfield></datafield><datafield ind1=" " ind2="7" tag="655"><subfield code="a">[document]</subfield><subfield code="2">rerovoc</subfield><subfield code="0">(RERO)A010182398</subfield></datafield><datafield ind1="1" ind2=" " tag="700"><subfield code="a">Thommen, Rudolf</subfield><subfield code="d">1860-1950</subfield><subfield code="0">(IDREF)079572995</subfield></datafield></record>
</metadata></record>