<record><header><identifier>oai:alma.41SLSP_UGE:991000802319705502</identifier><datestamp>2023-03-01T01:09:43Z</datestamp><setSpec>uge_bcen_RapidILL_BOOK</setSpec><setSpec>uge_aaca_RapidILL_BOOK</setSpec><setSpec>uge_abels_RapidILL_BOOK</setSpec><setSpec>uge_dbu_RapidILL_BOOK</setSpec><setSpec>uge_cmu_RapidILL_BOOK</setSpec><setSpec>uge_mail_RapidILL_BOOK</setSpec><setSpec>UNIGE_ALL</setSpec><setSpec>uge_abbat_RapidILL_BOOK</setSpec><setSpec>uge_acar_RapidILL_BOOK</setSpec><setSpec>uge_aobs_RapidILL_BOOK</setSpec></header><metadata>
<record xmlns="http://www.loc.gov/MARC21/slim" xmlns:xsi="http://www.w3.org/2001/XMLSchema-instance" xsi:schemaLocation="http://www.loc.gov/MARC21/slim http://www.loc.gov/standards/marcxml/schema/MARC21slim.xsd"><leader>01870nam a2200409 c 4500</leader><controlfield tag="001">991000802319705502</controlfield><controlfield tag="005">20230116192441.0</controlfield><controlfield tag="008">201011s1994    gw ||||| |||| 10| ||eng d</controlfield><datafield ind1=" " ind2=" " tag="020"><subfield code="a">3923524544</subfield></datafield><datafield ind1=" " ind2=" " tag="035"><subfield code="a">(swissbib)220696241-41slsp_network</subfield></datafield><datafield ind1=" " ind2=" " tag="035"><subfield code="a">220696241</subfield><subfield code="9">ExL</subfield></datafield><datafield ind1=" " ind2=" " tag="035"><subfield code="a">(RERO)2077946-41slsp</subfield></datafield><datafield ind1=" " ind2=" " tag="035"><subfield code="a">(NEBIS)001580089EBI01</subfield></datafield><datafield ind1=" " ind2=" " tag="035"><subfield code="a">(EXLNZ-41SLSP_NETWORK)991139148249705501</subfield></datafield><datafield ind1=" " ind2=" " tag="040"><subfield code="a">RERO geusob</subfield><subfield code="d">CH-ZuSLS</subfield></datafield><datafield ind1=" " ind2="7" tag="072"><subfield code="a">as</subfield><subfield code="2">rero</subfield></datafield><datafield ind1="0" ind2="0" tag="245"><subfield code="a">&lt;&lt;The&gt;&gt; local group</subfield><subfield code="b">comparative and global properties : proceedings of the third CTIO-ESO Workshop on The Local Group, La Serena, Chile, 25-28 January 1994</subfield><subfield code="c">ed. by Andrew Layden... [et al.]</subfield></datafield><datafield ind1="1" ind2=" " tag="246"><subfield code="a">&lt;&lt;The&gt;&gt; local group</subfield></datafield><datafield ind1=" " ind2="1" tag="264"><subfield code="a">Garching bei München</subfield><subfield code="b">ESO</subfield><subfield code="c">1994</subfield></datafield><datafield ind1=" " ind2=" " tag="300"><subfield code="a">VII, 273 p.</subfield><subfield code="b">ill.</subfield><subfield code="c">30 cm</subfield></datafield><datafield ind1=" " ind2=" " tag="336"><subfield code="b">txt</subfield><subfield code="2">rdacontent</subfield></datafield><datafield ind1=" " ind2=" " tag="337"><subfield code="b">n</subfield><subfield code="2">rdamedia</subfield></datafield><datafield ind1=" " ind2=" " tag="338"><subfield code="b">nc</subfield><subfield code="2">rdacarrier</subfield></datafield><datafield ind1="1" ind2=" " tag="490"><subfield code="a">ESO Conference and workshop proceedings</subfield><subfield code="v">No. 51</subfield></datafield><datafield ind1=" " ind2="7" tag="650"><subfield code="a">galaxie normale</subfield><subfield code="0">(RERO)A010086566</subfield><subfield code="2">rerovoc</subfield></datafield><datafield ind1=" " ind2="7" tag="650"><subfield code="a">galaxie (notre)</subfield><subfield code="0">(RERO)A009992056</subfield><subfield code="2">rerovoc</subfield></datafield><datafield ind1=" " ind2="7" tag="650"><subfield code="a">LOKALE GRUPPE (GALAXIEN)</subfield><subfield code="9">ger</subfield><subfield code="0">(ETHUDK)000037119</subfield><subfield code="2">ethudk</subfield></datafield><datafield ind1=" " ind2="7" tag="655"><subfield code="a">Actes de congrès</subfield><subfield code="0">(IDREF)02886431X</subfield><subfield code="2">idref</subfield></datafield><datafield ind1=" " ind2="7" tag="655"><subfield code="a">Konferenzschrift</subfield><subfield code="z">La Serena</subfield><subfield code="y">1994</subfield><subfield code="2">gnd-content</subfield></datafield><datafield ind1="1" ind2=" " tag="700"><subfield code="a">Layden, Andrew</subfield><subfield code="0">(RERO)A003502126</subfield></datafield><datafield ind1="2" ind2=" " tag="710"><subfield code="a">Cerro Tololo Inter-American Observatory</subfield><subfield code="g">La Serena</subfield><subfield code="0">(DE-588)5089434-1</subfield></datafield><datafield ind1="2" ind2=" " tag="710"><subfield code="a">European Southern Observatory</subfield><subfield code="0">(DE-588)2009892-3</subfield></datafield><datafield ind1="2" ind2=" " tag="710"><subfield code="a">Observatoire européen austral</subfield><subfield code="b">Workshop</subfield><subfield code="n">3</subfield><subfield code="d">1994</subfield><subfield code="c">La Serena, Chile</subfield><subfield code="0">(RERO)A012527996</subfield></datafield><datafield ind1="2" ind2=" " tag="710"><subfield code="a">Cerro Tololo Interamerican Observatory (La Serena)</subfield><subfield code="b">Workshop</subfield><subfield code="n">3</subfield><subfield code="d">1994</subfield><subfield code="c">La Serena, Chile</subfield><subfield code="0">(RERO)A012527997</subfield></datafield><datafield ind1="2" ind2=" " tag="711"><subfield code="a">ESO/CTIO Workshop</subfield><subfield code="0">(DE-588)1091950725</subfield></datafield><datafield ind1=" " ind2=" " tag="830"><subfield code="a">ESO conference and workshop proceedings</subfield><subfield code="v">51</subfield><subfield code="w">(NEBIS)000067635EBI01</subfield></datafield><datafield ind1=" " ind2=" " tag="830"><subfield code="a">ESO Conference and Workshop Proceedings</subfield><subfield code="v">51</subfield><subfield code="w">(RERO)1161155-41slsp</subfield></datafield><datafield ind1=" " ind2=" " tag="900"><subfield code="a">REROnoselfmerge</subfield></datafield><datafield ind1=" " ind2=" " tag="961"><subfield code="2">ge-obs</subfield><subfield code="a">24.21</subfield><subfield code="9">LOCAL</subfield></datafield><datafield ind1=" " ind2=" " tag="961"><subfield code="2">ge-obs</subfield><subfield code="a">24.23</subfield><subfield code="9">LOCAL</subfield></datafield><datafield ind1=" " ind2=" " tag="961"><subfield code="2">ge-obs</subfield><subfield code="a">21.7</subfield><subfield code="9">LOCAL</subfield></datafield></record>
</metadata></record>