<record><header><identifier>oai:alma.41SLSP_UGE:991000802009705502</identifier><datestamp>2024-07-17T03:51:27Z</datestamp><setSpec>uge_bcen_RapidILL_BOOK</setSpec><setSpec>uge_aaca_RapidILL_BOOK</setSpec><setSpec>uge_abels_RapidILL_BOOK</setSpec><setSpec>uge_dbu_RapidILL_BOOK</setSpec><setSpec>uge_cmu_RapidILL_BOOK</setSpec><setSpec>uge_mail_RapidILL_BOOK</setSpec><setSpec>uge_abbat_RapidILL_BOOK</setSpec><setSpec>UNIGE_ALL</setSpec><setSpec>uge_acar_RapidILL_BOOK</setSpec><setSpec>uge_aobs_RapidILL_BOOK</setSpec></header><metadata>
<record xmlns="http://www.loc.gov/MARC21/slim" xmlns:xsi="http://www.w3.org/2001/XMLSchema-instance" xsi:schemaLocation="http://www.loc.gov/MARC21/slim http://www.loc.gov/standards/marcxml/schema/MARC21slim.xsd"><leader>05252nam a2201189uc 4500</leader><controlfield tag="001">991000802009705502</controlfield><controlfield tag="005">20240308230525.0</controlfield><controlfield tag="008">201012s1990    sz            10| | ger d</controlfield><datafield ind1=" " ind2=" " tag="020"><subfield code="a">3728116130</subfield></datafield><datafield ind1=" " ind2=" " tag="035"><subfield code="a">(swissbib)237587203-41slsp_network</subfield></datafield><datafield ind1=" " ind2=" " tag="035"><subfield code="a">237587203</subfield><subfield code="9">ExL</subfield></datafield><datafield ind1=" " ind2=" " tag="035"><subfield code="a">(IDSLU)000053496ILU01</subfield></datafield><datafield ind1=" " ind2=" " tag="035"><subfield code="a">(NEBIS)000566638EBI01</subfield></datafield><datafield ind1=" " ind2=" " tag="035"><subfield code="a">(RERO)1321892-41slsp</subfield></datafield><datafield ind1=" " ind2=" " tag="035"><subfield code="a">(IDSBB)000667243DSV01</subfield></datafield><datafield ind1=" " ind2=" " tag="035"><subfield code="a">(ABN)000003953ABN01</subfield></datafield><datafield ind1=" " ind2=" " tag="035"><subfield code="a">(EXLNZ-41SLSP_NETWORK)991016344099705501</subfield></datafield><datafield ind1=" " ind2=" " tag="040"><subfield code="a">SzZuIDS LU LUZHB</subfield><subfield code="e">kids</subfield><subfield code="d">CH-ZuSLS</subfield></datafield><datafield ind1=" " ind2="7" tag="072"><subfield code="a">460</subfield><subfield code="2">IDS LU</subfield></datafield><datafield ind1=" " ind2="7" tag="072"><subfield code="a">ur</subfield><subfield code="2">rero</subfield></datafield><datafield ind1=" " ind2="7" tag="072"><subfield code="a">kh</subfield><subfield code="2">SzZuIDS BS/BE</subfield></datafield><datafield ind1=" " ind2="7" tag="072"><subfield code="a">ng</subfield><subfield code="2">SzZuIDS BS/BE</subfield></datafield><datafield ind1="1" ind2=" " tag="080"><subfield code="a">904&quot;04/14&quot;(4CH)SO:72(06)</subfield></datafield><datafield ind1="0" ind2="0" tag="082"><subfield code="a">949.4/3502</subfield><subfield code="2">20</subfield></datafield><datafield ind1="1" ind2="4" tag="082"><subfield code="a">900</subfield><subfield code="2">15</subfield></datafield><datafield ind1=" " ind2=" " tag="084"><subfield code="a">9,10</subfield><subfield code="2">ssgn</subfield></datafield><datafield ind1=" " ind2=" " tag="084"><subfield code="a">LL 85800</subfield><subfield code="2">rvk</subfield></datafield><datafield ind1=" " ind2=" " tag="084"><subfield code="a">NF 6550</subfield><subfield code="2">rvk</subfield></datafield><datafield ind1=" " ind2=" " tag="084"><subfield code="a">NR 8810</subfield><subfield code="2">rvk</subfield></datafield><datafield ind1=" " ind2=" " tag="084"><subfield code="a">44</subfield><subfield code="2">sdnb</subfield></datafield><datafield ind1=" " ind2=" " tag="084"><subfield code="a">45</subfield><subfield code="2">sdnb</subfield></datafield><datafield ind1=" " ind2=" " tag="084"><subfield code="a">60</subfield><subfield code="2">sdnb</subfield></datafield><datafield ind1=" " ind2=" " tag="084"><subfield code="a">61</subfield><subfield code="2">sdnb</subfield></datafield><datafield ind1=" " ind2=" " tag="084"><subfield code="a">720</subfield><subfield code="2">sdnb</subfield></datafield><datafield ind1="0" ind2="0" tag="245"><subfield code="a">Solothurn</subfield><subfield code="b">Beiträge zur Entwicklung der Stadt im Mittelalter</subfield><subfield code="c">Kolloquium vom 13./14. November 1987 in Solothurn ; [Institut für Denkmalpflege]</subfield></datafield><datafield ind1=" " ind2="1" tag="264"><subfield code="a">Zürich</subfield><subfield code="b">Verl. der Fachvereine an den Schweizerischen Hochschulen &amp; Techniken</subfield><subfield code="c">1990</subfield></datafield><datafield ind1=" " ind2=" " tag="300"><subfield code="a">286 S.</subfield><subfield code="b">Ill., Tab.</subfield><subfield code="c">31 cm</subfield></datafield><datafield ind1=" " ind2=" " tag="336"><subfield code="b">txt</subfield><subfield code="2">rdacontent</subfield></datafield><datafield ind1=" " ind2=" " tag="337"><subfield code="b">n</subfield><subfield code="2">rdamedia</subfield></datafield><datafield ind1=" " ind2=" " tag="338"><subfield code="b">nc</subfield><subfield code="2">rdacarrier</subfield></datafield><datafield ind1="1" ind2=" " tag="490"><subfield code="a">Veröffentlichungen des Instituts für Denkmalpflege an der Eidgenössischen Technischen Hochschule Zürich</subfield><subfield code="v">Bd. 9</subfield></datafield><datafield ind1="1" ind2=" " tag="490"><subfield code="a">ID</subfield><subfield code="v">Bd. 9</subfield></datafield><datafield ind1=" " ind2=" " tag="500"><subfield code="a">andere Ausgabe: Solothurn</subfield></datafield><datafield ind1=" " ind2=" " tag="500"><subfield code="a">Contient un addendum: Diskussion zu den Referaten, 1990, 10p.</subfield></datafield><datafield ind1=" " ind2="7" tag="648"><subfield code="a">Geschichte</subfield><subfield code="2">gnd</subfield></datafield><datafield ind1=" " ind2="7" tag="648"><subfield code="a">Geschichte</subfield><subfield code="2">idszbz</subfield></datafield><datafield ind1=" " ind2="7" tag="648"><subfield code="a">Geschichte 500-1500</subfield><subfield code="2">idszbz</subfield></datafield><datafield ind1=" " ind2="7" tag="648"><subfield code="a">Geschichte Anfänge-1500</subfield><subfield code="2">gnd</subfield></datafield><datafield ind1=" " ind2="7" tag="650"><subfield code="a">ALTSTADT + HISTORISCHE STADTZENTREN (STÄDTEWESEN)</subfield><subfield code="9">ger</subfield><subfield code="0">(ETHUDK)000036673</subfield><subfield code="2">ethudk</subfield></datafield><datafield ind1=" " ind2="7" tag="650"><subfield code="a">ARCHÄOLOGIE DES MITTELALTERS</subfield><subfield code="9">ger</subfield><subfield code="0">(ETHUDK)000043074</subfield><subfield code="2">ethudk</subfield></datafield><datafield ind1=" " ind2="7" tag="650"><subfield code="a">CHRISTLICHE ARCHÄOLOGIE</subfield><subfield code="9">ger</subfield><subfield code="0">(ETHUDK)000051384</subfield><subfield code="2">ethudk</subfield></datafield><datafield ind1=" " ind2="7" tag="650"><subfield code="a">KIRCHEN (ARCHITEKTUR)</subfield><subfield code="9">ger</subfield><subfield code="0">(ETHUDK)000035647</subfield><subfield code="2">ethudk</subfield></datafield><datafield ind1=" " ind2="7" tag="650"><subfield code="a">RÖMISCHE ARCHITEKTUR, ANTIKE</subfield><subfield code="9">ger</subfield><subfield code="0">(ETHUDK)000035486</subfield><subfield code="2">ethudk</subfield></datafield><datafield ind1=" " ind2="7" tag="650"><subfield code="a">RÖMISCHE PROVINZIALARCHÄOLOGIE</subfield><subfield code="9">ger</subfield><subfield code="0">(ETHUDK)000037889</subfield><subfield code="2">ethudk</subfield></datafield><datafield ind1=" " ind2="7" tag="650"><subfield code="a">SOLOTHURN, STADT UND BEZIRK (KANTON SOLOTHURN)</subfield><subfield code="9">ger</subfield><subfield code="0">(ETHUDK)000005457</subfield><subfield code="2">ethudk</subfield></datafield><datafield ind1=" " ind2="7" tag="650"><subfield code="a">STADTARCHÄOLOGIE (HISTORISCHE ZEIT)</subfield><subfield code="9">ger</subfield><subfield code="0">(ETHUDK)000052663</subfield><subfield code="2">ethudk</subfield></datafield><datafield ind1=" " ind2="7" tag="650"><subfield code="a">STADTGESCHICHTE</subfield><subfield code="9">ger</subfield><subfield code="0">(ETHUDK)000036650</subfield><subfield code="2">ethudk</subfield></datafield><datafield ind1=" " ind2="7" tag="650"><subfield code="a">Urbanisme</subfield><subfield code="0">(IDREF)027254925</subfield><subfield code="2">idref</subfield></datafield><datafield ind1=" " ind2="7" tag="650"><subfield code="a">vieille ville</subfield><subfield code="0">(RERO)A010008561</subfield><subfield code="2">rerovoc</subfield></datafield><datafield ind1=" " ind2="7" tag="650"><subfield code="a">Moyen âge</subfield><subfield code="0">(IDREF)027329917</subfield><subfield code="2">idref</subfield></datafield><datafield ind1=" " ind2="7" tag="650"><subfield code="a">Églises</subfield><subfield code="0">(IDREF)02726663X</subfield><subfield code="2">idref</subfield></datafield><datafield ind1=" " ind2="7" tag="650"><subfield code="a">Architektur</subfield><subfield code="0">(DE-588)4002851-3</subfield><subfield code="2">gnd</subfield></datafield><datafield ind1=" " ind2="7" tag="650"><subfield code="a">Bauforschung</subfield><subfield code="0">(DE-588)4144149-7</subfield><subfield code="2">gnd</subfield></datafield><datafield ind1=" " ind2="7" tag="650"><subfield code="a">Städtebau</subfield><subfield code="0">(DE-588)4056795-3</subfield><subfield code="2">gnd</subfield></datafield><datafield ind1=" " ind2="0" tag="650"><subfield code="a">Archaeology, Medieval</subfield><subfield code="v">Congresses</subfield></datafield><datafield ind1=" " ind2="0" tag="650"><subfield code="a">Excavations (Archaeology)</subfield><subfield code="z">Switzerland</subfield><subfield code="z">Solothurn</subfield><subfield code="v">Congresses</subfield></datafield><datafield ind1=" " ind2="7" tag="651"><subfield code="a">Solothurn</subfield><subfield code="2">idszbz</subfield></datafield><datafield ind1=" " ind2="0" tag="651"><subfield code="a">Switzerland</subfield><subfield code="x">History</subfield><subfield code="y">To 1648</subfield><subfield code="v">Congresses</subfield></datafield><datafield ind1=" " ind2="7" tag="651"><subfield code="a">Soleure (Soleure, Suisse)</subfield><subfield code="0">(IDREF)027945774</subfield><subfield code="2">idref</subfield></datafield><datafield ind1=" " ind2="7" tag="651"><subfield code="a">Solothurn</subfield><subfield code="0">(DE-588)4055458-2</subfield><subfield code="2">gnd</subfield></datafield><datafield ind1=" " ind2="0" tag="651"><subfield code="a">Solothurn (Switzerland)</subfield><subfield code="x">Antiquities</subfield><subfield code="v">Congresses</subfield></datafield><datafield ind1=" " ind2="0" tag="651"><subfield code="a">Solothurn (Switzerland)</subfield><subfield code="x">History</subfield><subfield code="v">Congresses</subfield></datafield><datafield ind1=" " ind2="7" tag="651"><subfield code="a">Solothurn (Stadt)</subfield><subfield code="y">Geschichte Mittelalter</subfield><subfield code="v">Kongressbericht</subfield><subfield code="2">idsbb</subfield></datafield><datafield ind1=" " ind2="7" tag="651"><subfield code="a">Solothurn (Stadt)</subfield><subfield code="x">Archäologie</subfield><subfield code="v">Kongressbericht</subfield><subfield code="2">idsbb</subfield></datafield><datafield ind1=" " ind2="7" tag="655"><subfield code="a">Aufsatzsammlung</subfield><subfield code="2">idszbz</subfield></datafield><datafield ind1=" " ind2="7" tag="655"><subfield code="a">Konferenzschrift</subfield><subfield code="z">Solothurn</subfield><subfield code="y">1987/11</subfield><subfield code="2">gnd-content</subfield></datafield><datafield ind1=" " ind2="7" tag="655"><subfield code="a">[Études diverses]</subfield><subfield code="0">(RERO)A022249905</subfield><subfield code="2">rero</subfield></datafield><datafield ind1=" " ind2="7" tag="655"><subfield code="a">Konferenzschrift</subfield><subfield code="z">Solothurn</subfield><subfield code="y">1987</subfield><subfield code="2">gnd-content</subfield></datafield><datafield ind1=" " ind2=" " tag="690"><subfield code="a">Städtebau. Schweiz: Solothurn-St. Geschichte. M.A.</subfield><subfield code="2">rzs-L1</subfield></datafield><datafield ind1=" " ind2=" " tag="690"><subfield code="a">Solothurn-St., B: Städtebau. Geschichte. M.A.</subfield><subfield code="2">rzs-L1</subfield></datafield><datafield ind1=" " ind2=" " tag="690"><subfield code="a">Solothurn (Stadt)</subfield><subfield code="2">rzs-L2</subfield></datafield><datafield ind1=" " ind2=" " tag="690"><subfield code="a">Stadtgeschichte. Schweiz</subfield><subfield code="2">rzs-L2</subfield></datafield><datafield ind1=" " ind2=" " tag="690"><subfield code="a">Solothurn (Kanton)</subfield><subfield code="x">Solothurn (Stadt)</subfield><subfield code="2">fhnw-E8</subfield></datafield><datafield ind1=" " ind2=" " tag="690"><subfield code="a">Geschichte</subfield><subfield code="x">Mittelalter</subfield><subfield code="2">fhnw-E8</subfield></datafield><datafield ind1=" " ind2=" " tag="690"><subfield code="a">Stadt</subfield><subfield code="2">fhnw-E8</subfield></datafield><datafield ind1=" " ind2=" " tag="690"><subfield code="a">Aufsatzsammlung</subfield><subfield code="2">fhnw-E8</subfield></datafield><datafield ind1=" " ind2=" " tag="690"><subfield code="a">Stadt. MA</subfield><subfield code="2">ubs-AF</subfield></datafield><datafield ind1=" " ind2=" " tag="690"><subfield code="a">Solothurn. MA</subfield><subfield code="2">ubs-AF</subfield></datafield><datafield ind1=" " ind2=" " tag="690"><subfield code="a">Solothurn (Stadt) : Geschichte</subfield><subfield code="2">zbs-FS</subfield></datafield><datafield ind1=" " ind2=" " tag="690"><subfield code="a">Solothurn (Stadt) : Kunst</subfield><subfield code="2">zbs-FS</subfield></datafield><datafield ind1=" " ind2=" " tag="691"><subfield code="e">3.3</subfield><subfield code="2">zbs-bib</subfield></datafield><datafield ind1=" " ind2=" " tag="691"><subfield code="e">10.2.5</subfield><subfield code="2">zbs-bib</subfield></datafield><datafield ind1=" " ind2=" " tag="691"><subfield code="e">12</subfield><subfield code="a">Solothurn</subfield><subfield code="2">zbs-b</subfield></datafield><datafield ind1="1" ind2=" " tag="700"><subfield code="a">Schubiger, Benno</subfield><subfield code="d">1952-</subfield><subfield code="0">(DE-588)1051224071</subfield></datafield><datafield ind1="2" ind2=" " tag="710"><subfield code="a">Eidgenössische Technische Hochschule Zürich</subfield><subfield code="b">Institut für Denkmalpflege</subfield><subfield code="0">(DE-588)64234-4</subfield></datafield><datafield ind1="2" ind2=" " tag="711"><subfield code="a">Solothurn</subfield><subfield code="d">1987</subfield><subfield code="c">Solothurn</subfield><subfield code="0">(DE-588)1091239142</subfield></datafield><datafield ind1=" " ind2=" " tag="830"><subfield code="a">Veröffentlichungen des Instituts für Denkmalpflege an der Eidgenössischen Technischen Hochschule Zürich</subfield><subfield code="v">9</subfield><subfield code="w">(RERO)0103888-41slsp</subfield></datafield><datafield ind1=" " ind2=" " tag="830"><subfield code="a">Veröffentlichungen des Instituts für Denkmalpflege an der Eidgenössischen Technischen Hochschule Zürich</subfield><subfield code="v">9</subfield><subfield code="w">(IDSLU)000207440ILU01</subfield></datafield><datafield ind1=" " ind2=" " tag="830"><subfield code="a">ID</subfield><subfield code="v">9</subfield><subfield code="w">(NEBIS)000000366EBI01</subfield></datafield><datafield ind1=" " ind2=" " tag="830"><subfield code="a">ID</subfield><subfield code="v">9</subfield><subfield code="w">(IDSBB)000127553DSV01</subfield></datafield><datafield ind1=" " ind2=" " tag="900"><subfield code="a">IDSE9P:949.49 St</subfield></datafield><datafield ind1=" " ind2=" " tag="900"><subfield code="a">REROnoselfmerge</subfield></datafield><datafield ind1=" " ind2=" " tag="900"><subfield code="a">IDSDSStoppsignal FRED</subfield></datafield><datafield ind1=" " ind2=" " tag="993"><subfield code="a">BFLB 10172</subfield><subfield code="x">ge/ulha/a/90/325</subfield><subfield code="9">LOCAL</subfield></datafield></record>
</metadata></record>