<record><header><identifier>oai:alma.41SLSP_UGE:991000782459705502</identifier><datestamp>2024-03-20T02:53:27Z</datestamp><setSpec>uge_bcen_RapidILL_BOOK</setSpec><setSpec>uge_aaca_RapidILL_BOOK</setSpec><setSpec>uge_abels_RapidILL_BOOK</setSpec><setSpec>uge_dbu_RapidILL_BOOK</setSpec><setSpec>uge_cmu_RapidILL_BOOK</setSpec><setSpec>uge_mail_RapidILL_BOOK</setSpec><setSpec>uge_abbat_RapidILL_BOOK</setSpec><setSpec>UNIGE_ALL</setSpec><setSpec>uge_aobs_RapidILL_BOOK</setSpec><setSpec>uge_acar_RapidILL_BOOK</setSpec></header><metadata>
<record xmlns="http://www.loc.gov/MARC21/slim" xmlns:xsi="http://www.w3.org/2001/XMLSchema-instance" xsi:schemaLocation="http://www.loc.gov/MARC21/slim http://www.loc.gov/standards/marcxml/schema/MARC21slim.xsd"><leader>00818nam a22002417c 4500</leader><controlfield tag="001">991000782459705502</controlfield><controlfield tag="005">20240319212916.0</controlfield><controlfield tag="008">021104s1598    it ||||| |||| 00| ||ita d</controlfield><datafield ind1=" " ind2=" " tag="035"><subfield code="a">(swissbib)098337211-41slsp_network</subfield></datafield><datafield ind1=" " ind2=" " tag="035"><subfield code="a">098337211</subfield><subfield code="9">ExL</subfield></datafield><datafield ind1=" " ind2=" " tag="035"><subfield code="a">(RERO)R003265803-41slsp</subfield></datafield><datafield ind1=" " ind2=" " tag="035"><subfield code="a">(EXLNZ-41SLSP_NETWORK)991075596809705501</subfield></datafield><datafield ind1=" " ind2=" " tag="040"><subfield code="a">RERO geulit</subfield><subfield code="d">CH-ZuSLS</subfield></datafield><datafield ind1=" " ind2="7" tag="072"><subfield code="a">it</subfield><subfield code="2">rero</subfield></datafield><datafield ind1="1" ind2=" " tag="100"><subfield code="a">Chiabrera, Gabriello</subfield><subfield code="0">(RERO)A003101601</subfield><subfield code="4">cre</subfield></datafield><datafield ind1="1" ind2="0" tag="245"><subfield code="a">Poemetti... alla Serenissima Mad. Cristiana di Lorena Gran Duchessa di Toscana..</subfield></datafield><datafield ind1=" " ind2="1" tag="264"><subfield code="a">In Fiorenza</subfield><subfield code="b">per Filippo Giunti</subfield><subfield code="c">1598</subfield></datafield><datafield ind1=" " ind2=" " tag="300"><subfield code="a">46 p.</subfield><subfield code="c">4⁰</subfield></datafield><datafield ind1=" " ind2=" " tag="336"><subfield code="b">txt</subfield><subfield code="2">rdacontent</subfield></datafield><datafield ind1=" " ind2=" " tag="337"><subfield code="b">n</subfield><subfield code="2">rdamedia</subfield></datafield><datafield ind1=" " ind2=" " tag="338"><subfield code="b">nc</subfield><subfield code="2">rdacarrier</subfield></datafield><datafield ind1="1" ind2=" " tag="700"><subfield code="a">Giunta, Filippo</subfield><subfield code="d">1533-1600</subfield><subfield code="0">(IDREF)06877057X</subfield><subfield code="4">prt</subfield></datafield><datafield ind1=" " ind2=" " tag="751"><subfield code="a">Florence (Italie)</subfield><subfield code="4">pup</subfield><subfield code="0">(IDREF)027226042</subfield></datafield><datafield ind1=" " ind2=" " tag="900"><subfield code="a">REROswissbibnomerge</subfield></datafield></record>
</metadata></record>