<record><header><identifier>oai:alma.41SLSP_UGE:991000802119705502</identifier><datestamp>2023-09-08T00:41:39Z</datestamp><setSpec>uge_bcen_RapidILL_BOOK</setSpec><setSpec>uge_aaca_RapidILL_BOOK</setSpec><setSpec>uge_abels_RapidILL_BOOK</setSpec><setSpec>uge_dbu_RapidILL_BOOK</setSpec><setSpec>uge_cmu_RapidILL_BOOK</setSpec><setSpec>uge_mail_RapidILL_BOOK</setSpec><setSpec>uge_abbat_RapidILL_BOOK</setSpec><setSpec>UNIGE_ALL</setSpec><setSpec>uge_acar_RapidILL_BOOK</setSpec><setSpec>uge_aobs_RapidILL_BOOK</setSpec></header><metadata>
<record xmlns="http://www.loc.gov/MARC21/slim" xmlns:xsi="http://www.w3.org/2001/XMLSchema-instance" xsi:schemaLocation="http://www.loc.gov/MARC21/slim http://www.loc.gov/standards/marcxml/schema/MARC21slim.xsd"><leader>02179nam a2200553 c 4500</leader><controlfield tag="001">991000802119705502</controlfield><controlfield tag="005">20230208195317.0</controlfield><controlfield tag="008">201012s1989    sp ||||| |||| 00| ||spa d</controlfield><datafield ind1=" " ind2=" " tag="020"><subfield code="a">848677022X</subfield></datafield><datafield ind1=" " ind2=" " tag="020"><subfield code="a">9788486770228</subfield></datafield><datafield ind1=" " ind2=" " tag="035"><subfield code="a">(swissbib)239957733-41slsp_network</subfield></datafield><datafield ind1=" " ind2=" " tag="035"><subfield code="a">239957733</subfield><subfield code="9">ExL</subfield></datafield><datafield ind1=" " ind2=" " tag="035"><subfield code="a">(RERO)1379270-41slsp</subfield></datafield><datafield ind1=" " ind2=" " tag="035"><subfield code="a">(NEBIS)010531276EBI01</subfield></datafield><datafield ind1=" " ind2=" " tag="035"><subfield code="a">(OCoLC)22917936</subfield></datafield><datafield ind1=" " ind2=" " tag="035"><subfield code="a">(EXLNZ-41SLSP_NETWORK)991142039489705501</subfield></datafield><datafield ind1=" " ind2=" " tag="040"><subfield code="a">RERO geules</subfield><subfield code="d">CH-ZuSLS</subfield></datafield><datafield ind1="1" ind2=" " tag="041"><subfield code="a">spa</subfield><subfield code="h">eng</subfield></datafield><datafield ind1=" " ind2="7" tag="072"><subfield code="a">hm</subfield><subfield code="2">rero</subfield></datafield><datafield ind1="1" ind2=" " tag="100"><subfield code="6">880-01</subfield><subfield code="a">O'Callaghan, Joseph F.</subfield><subfield code="d">1928-....</subfield><subfield code="0">(IDREF)033408351</subfield><subfield code="4">cre</subfield></datafield><datafield ind1="1" ind2=" " tag="880"><subfield code="a">O'Callaghan, Joseph F.</subfield><subfield code="d">1928-</subfield><subfield code="0">(DE-588)12052712X</subfield><subfield code="6">100-01</subfield></datafield><datafield ind1="1" ind2="0" tag="245"><subfield code="a">&lt;&lt;Las&gt;&gt; cortes de Castilla y León</subfield><subfield code="b">1188-1350</subfield><subfield code="c">Joseph F. O'Callaghan ; trad. de Carlos Herrero Quirós</subfield></datafield><datafield ind1=" " ind2="1" tag="264"><subfield code="a">Valladolid</subfield><subfield code="b">Ámbito</subfield><subfield code="c">1989</subfield></datafield><datafield ind1=" " ind2=" " tag="300"><subfield code="a">232 p.</subfield><subfield code="c">25 cm</subfield></datafield><datafield ind1=" " ind2=" " tag="336"><subfield code="b">txt</subfield><subfield code="2">rdacontent</subfield></datafield><datafield ind1=" " ind2=" " tag="337"><subfield code="b">n</subfield><subfield code="2">rdamedia</subfield></datafield><datafield ind1=" " ind2=" " tag="338"><subfield code="b">nc</subfield><subfield code="2">rdacarrier</subfield></datafield><datafield ind1="1" ind2=" " tag="490"><subfield code="a">Serie &quot;maior&quot;</subfield><subfield code="v">2</subfield></datafield><datafield ind1=" " ind2=" " tag="504"><subfield code="a">Bibliogr.: p. 225-232</subfield></datafield><datafield ind1="2" ind2="7" tag="610"><subfield code="a">Castille (Espagne)</subfield><subfield code="b">Cortès</subfield><subfield code="0">(RERO)A010061141</subfield><subfield code="2">rero</subfield></datafield><datafield ind1="2" ind2="7" tag="610"><subfield code="a">León</subfield><subfield code="g">Royaume</subfield><subfield code="b">Cortes</subfield><subfield code="0">(IDREF)050581678</subfield><subfield code="2">idref</subfield></datafield><datafield ind1="2" ind2="0" tag="610"><subfield code="a">Castilla y León (Spain)</subfield><subfield code="b">Cortes</subfield><subfield code="x">History</subfield></datafield><datafield ind1="2" ind2="7" tag="610"><subfield code="a">Castilla y León (Spain)</subfield><subfield code="b">Cortes</subfield><subfield code="2">fast</subfield></datafield><datafield ind1=" " ind2="7" tag="648"><subfield code="a">Geschichte 1188-1350</subfield><subfield code="2">gnd</subfield></datafield><datafield ind1=" " ind2="7" tag="650"><subfield code="a">1188-1350</subfield><subfield code="2">rero</subfield></datafield><datafield ind1=" " ind2="7" tag="650"><subfield code="a">Parlements</subfield><subfield code="0">(IDREF)027682307</subfield><subfield code="2">idref</subfield></datafield><datafield ind1=" " ind2="0" tag="650"><subfield code="a">Representative government and representation</subfield><subfield code="z">Spain</subfield><subfield code="z">Castilla y León</subfield><subfield code="x">History</subfield></datafield><datafield ind1=" " ind2="7" tag="650"><subfield code="a">Politics and government</subfield><subfield code="2">fast</subfield></datafield><datafield ind1=" " ind2="7" tag="650"><subfield code="a">Representative government and representation</subfield><subfield code="2">fast</subfield></datafield><datafield ind1=" " ind2="7" tag="651"><subfield code="a">Castille (Espagne)</subfield><subfield code="0">(IDREF)02727411X</subfield><subfield code="2">idref</subfield></datafield><datafield ind1=" " ind2="7" tag="651"><subfield code="a">León (Espagne, royaume)</subfield><subfield code="0">(RERO)A010107642</subfield><subfield code="2">rero</subfield></datafield><datafield ind1=" " ind2="7" tag="651"><subfield code="a">Königreich Kastilien-León</subfield><subfield code="0">(DE-588)4304450-5</subfield><subfield code="2">gnd</subfield></datafield><datafield ind1=" " ind2="7" tag="651"><subfield code="a">Spanien</subfield><subfield code="0">(DE-588)4055964-6</subfield><subfield code="2">gnd</subfield></datafield><datafield ind1=" " ind2="0" tag="651"><subfield code="a">Castilla y León (Spain)</subfield><subfield code="x">Politics and government</subfield></datafield><datafield ind1=" " ind2="7" tag="651"><subfield code="a">Spain</subfield><subfield code="z">Castilla y León</subfield><subfield code="2">fast</subfield></datafield><datafield ind1=" " ind2="7" tag="651"><subfield code="a">Castilla y León (Spain)</subfield><subfield code="x">Politique et gouvernement</subfield><subfield code="y">Moyen âge</subfield><subfield code="2">ram</subfield></datafield><datafield ind1=" " ind2="7" tag="655"><subfield code="a">History</subfield><subfield code="2">fast</subfield></datafield><datafield ind1="1" ind2=" " tag="700"><subfield code="a">Herrero Quirós, Carlos</subfield><subfield code="0">(IDREF)07609569X</subfield></datafield><datafield ind1=" " ind2="0" tag="830"><subfield code="a">Serie &quot;maior&quot;</subfield><subfield code="p">Ámbito</subfield><subfield code="v">2</subfield><subfield code="w">(RERO)1384569-41slsp</subfield></datafield><datafield ind1=" " ind2=" " tag="900"><subfield code="a">REROnoselfmerge</subfield></datafield><datafield ind1=" " ind2=" " tag="993"><subfield code="a">BFLA 49683</subfield><subfield code="x">ge/ules/a/91/200</subfield><subfield code="9">LOCAL</subfield></datafield></record>
</metadata></record>