<record><header><identifier>oai:alma.41SLSP_UGE:991000801369705502</identifier><datestamp>2024-01-10T01:16:18Z</datestamp><setSpec>uge_bcen_RapidILL_BOOK</setSpec><setSpec>uge_aaca_RapidILL_BOOK</setSpec><setSpec>uge_abels_RapidILL_BOOK</setSpec><setSpec>uge_dbu_RapidILL_BOOK</setSpec><setSpec>uge_cmu_RapidILL_BOOK</setSpec><setSpec>uge_mail_RapidILL_BOOK</setSpec><setSpec>uge_abbat_RapidILL_BOOK</setSpec><setSpec>UNIGE_ALL</setSpec><setSpec>uge_aobs_RapidILL_BOOK</setSpec><setSpec>uge_acar_RapidILL_BOOK</setSpec></header><metadata>
<record xmlns="http://www.loc.gov/MARC21/slim" xmlns:xsi="http://www.w3.org/2001/XMLSchema-instance" xsi:schemaLocation="http://www.loc.gov/MARC21/slim http://www.loc.gov/standards/marcxml/schema/MARC21slim.xsd"><leader>03941nam a2200805 c 4500</leader><controlfield tag="001">991000801369705502</controlfield><controlfield tag="005">20240109141139.0</controlfield><controlfield tag="008">201011s2016    pau           00| | eng|c</controlfield><datafield ind1=" " ind2=" " tag="010"><subfield code="a">2015034418</subfield></datafield><datafield ind1=" " ind2=" " tag="020"><subfield code="a">9780271071039</subfield><subfield code="q">cloth</subfield></datafield><datafield ind1=" " ind2=" " tag="020"><subfield code="a">0271071036</subfield><subfield code="q">cloth</subfield></datafield><datafield ind1="7" ind2=" " tag="024"><subfield code="a">http://catalogue.bnf.fr/ark:/12148/cb45067942h</subfield><subfield code="2">uri</subfield></datafield><datafield ind1=" " ind2=" " tag="035"><subfield code="a">(swissbib)224614339-41slsp_network</subfield></datafield><datafield ind1=" " ind2=" " tag="035"><subfield code="a">224614339</subfield><subfield code="9">ExL</subfield></datafield><datafield ind1=" " ind2=" " tag="035"><subfield code="a">(NEBIS)010536791EBI01</subfield></datafield><datafield ind1=" " ind2=" " tag="035"><subfield code="a">(IDSBB)006486182DSV01</subfield></datafield><datafield ind1=" " ind2=" " tag="035"><subfield code="a">(RERO)R008330536-41slsp</subfield></datafield><datafield ind1=" " ind2=" " tag="035"><subfield code="a">(OCoLC)922970719</subfield></datafield><datafield ind1=" " ind2=" " tag="035"><subfield code="a">(EXLNZ-41SLSP_NETWORK)991012453519705501</subfield></datafield><datafield ind1=" " ind2=" " tag="040"><subfield code="a">PSt/DLC</subfield><subfield code="b">ger</subfield><subfield code="e">rda</subfield><subfield code="d">CH-ZuSLS RZS</subfield></datafield><datafield ind1="0" ind2=" " tag="041"><subfield code="a">eng</subfield></datafield><datafield ind1=" " ind2=" " tag="042"><subfield code="a">pcc</subfield></datafield><datafield ind1=" " ind2=" " tag="043"><subfield code="a">e-it---</subfield></datafield><datafield ind1=" " ind2=" " tag="050"><subfield code="a">N5273</subfield><subfield code="b">.G26 2016</subfield></datafield><datafield ind1=" " ind2="7" tag="072"><subfield code="a">012</subfield><subfield code="2">IDS LU</subfield></datafield><datafield ind1=" " ind2="7" tag="072"><subfield code="a">kh</subfield><subfield code="2">SzZuIDS BS/BE</subfield></datafield><datafield ind1=" " ind2="7" tag="072"><subfield code="a">ba</subfield><subfield code="2">rero</subfield></datafield><datafield ind1=" " ind2="7" tag="072"><subfield code="a">me</subfield><subfield code="2">rero</subfield></datafield><datafield ind1="0" ind2="0" tag="082"><subfield code="a">708</subfield><subfield code="2">23</subfield></datafield><datafield ind1=" " ind2=" " tag="084"><subfield code="a">LH 61100</subfield><subfield code="2">rvk</subfield></datafield><datafield ind1="1" ind2=" " tag="100"><subfield code="6">880-01</subfield><subfield code="a">Gage, Frances</subfield><subfield code="d">1965-</subfield><subfield code="0">(DE-588)1111916144</subfield><subfield code="4">aut</subfield></datafield><datafield ind1="1" ind2=" " tag="880"><subfield code="6">100-01</subfield><subfield code="a">Gage, Frances</subfield><subfield code="d">1965-...</subfield><subfield code="0">(IDREF)199714991</subfield><subfield code="4">cre</subfield></datafield><datafield ind1="1" ind2="0" tag="245"><subfield code="a">Painting as medicine in early modern Rome</subfield><subfield code="b">Giulio Mancini and the efficacy of art</subfield><subfield code="c">Frances Gage</subfield></datafield><datafield ind1=" " ind2="1" tag="264"><subfield code="a">University Park, Pennsylvania</subfield><subfield code="b">The Pennsylvania State University Press</subfield><subfield code="c">[2016]</subfield></datafield><datafield ind1=" " ind2=" " tag="300"><subfield code="a">xiv, 228 Seiten</subfield><subfield code="b">Illustrationen</subfield></datafield><datafield ind1=" " ind2=" " tag="336"><subfield code="b">txt</subfield><subfield code="2">rdacontent</subfield></datafield><datafield ind1=" " ind2=" " tag="337"><subfield code="b">n</subfield><subfield code="2">rdamedia</subfield></datafield><datafield ind1=" " ind2=" " tag="338"><subfield code="b">nc</subfield><subfield code="2">rdacarrier</subfield></datafield><datafield ind1=" " ind2=" " tag="500"><subfield code="a">portions of chapter 3 were previously published in the article &quot;Exercise for mind and body: Giulio Mancini, collecting, and the beholding of landscape painting in the seventeenth century&quot;, Renaissance Quarterly 61, no. 4 (2008): 1167-1207</subfield></datafield><datafield ind1=" " ind2=" " tag="504"><subfield code="a">Includes bibliographical references and index</subfield></datafield><datafield ind1=" " ind2=" " tag="520"><subfield code="a">&quot;Through a study of the writings of the papal physician and art critic Giulio Mancini, explores early modern art collecting in Italy. Argues that art within domestic contexts was understood to create healthy bodies, minds, and societies through the mechanism of the imagination&quot;--Provided by publisher</subfield></datafield><datafield ind1="1" ind2="7" tag="600"><subfield code="a">Mancini, Giulio</subfield><subfield code="d">1559-1630</subfield><subfield code="t">Considerazioni sulla pittura</subfield><subfield code="0">(DE-588)4998928-5</subfield><subfield code="2">gnd</subfield></datafield><datafield ind1="1" ind2="7" tag="600"><subfield code="a">Mancini, Giulio</subfield><subfield code="d">1559-1630</subfield><subfield code="0">(DE-588)118840312</subfield><subfield code="2">gnd</subfield></datafield><datafield ind1="1" ind2="0" tag="600"><subfield code="a">Mancini, Giulio</subfield><subfield code="d">1558-1630</subfield></datafield><datafield ind1="1" ind2="7" tag="600"><subfield code="a">Mancini, Giulio</subfield><subfield code="0">(RERO)A010219944</subfield><subfield code="2">rero</subfield></datafield><datafield ind1=" " ind2="7" tag="650"><subfield code="a">Gesellschaft</subfield><subfield code="0">(DE-588)4020588-5</subfield><subfield code="2">gnd</subfield></datafield><datafield ind1=" " ind2="7" tag="650"><subfield code="a">Historienmalerei</subfield><subfield code="0">(DE-588)4025097-0</subfield><subfield code="2">gnd</subfield></datafield><datafield ind1=" " ind2="7" tag="650"><subfield code="a">Kunst</subfield><subfield code="0">(DE-588)4114333-4</subfield><subfield code="2">gnd</subfield></datafield><datafield ind1=" " ind2="7" tag="650"><subfield code="a">Malerei</subfield><subfield code="0">(DE-588)4037220-0</subfield><subfield code="2">gnd</subfield></datafield><datafield ind1=" " ind2="7" tag="650"><subfield code="a">Medizin</subfield><subfield code="0">(DE-588)4038243-6</subfield><subfield code="2">gnd</subfield></datafield><datafield ind1=" " ind2="7" tag="650"><subfield code="a">Sammlung</subfield><subfield code="0">(DE-588)4128844-0</subfield><subfield code="2">gnd</subfield></datafield><datafield ind1=" " ind2="7" tag="650"><subfield code="a">GESCHICHTE DER MEDIZIN</subfield><subfield code="9">ger</subfield><subfield code="0">(ETHUDK)000041940</subfield><subfield code="2">ethudk</subfield></datafield><datafield ind1=" " ind2="7" tag="650"><subfield code="a">ROM, STADT (ITALIEN)</subfield><subfield code="9">ger</subfield><subfield code="0">(ETHUDK)000003886</subfield><subfield code="2">ethudk</subfield></datafield><datafield ind1=" " ind2="7" tag="650"><subfield code="a">SPÄTRENAISSANCE-MALEREI + MANIERISMUS (MALEREI)</subfield><subfield code="9">ger</subfield><subfield code="0">(ETHUDK)000046371</subfield><subfield code="2">ethudk</subfield></datafield><datafield ind1=" " ind2="0" tag="650"><subfield code="a">Art</subfield><subfield code="x">Collectors and collecting</subfield><subfield code="z">Italy</subfield><subfield code="z">Rome</subfield><subfield code="x">History</subfield><subfield code="y">16th century</subfield></datafield><datafield ind1=" " ind2="0" tag="650"><subfield code="a">Art</subfield><subfield code="x">Collectors and collecting</subfield><subfield code="z">Italy</subfield><subfield code="z">Rome</subfield><subfield code="x">History</subfield><subfield code="y">17th century</subfield></datafield><datafield ind1=" " ind2="0" tag="650"><subfield code="a">Art</subfield><subfield code="x">Health aspects</subfield><subfield code="z">Italy</subfield><subfield code="z">Rome</subfield><subfield code="x">History</subfield><subfield code="y">16th century</subfield></datafield><datafield ind1=" " ind2="0" tag="650"><subfield code="a">Art</subfield><subfield code="x">Health aspects</subfield><subfield code="z">Italy</subfield><subfield code="z">Rome</subfield><subfield code="x">History</subfield><subfield code="y">17th century</subfield></datafield><datafield ind1=" " ind2="0" tag="650"><subfield code="a">Art and society</subfield><subfield code="z">Italy</subfield><subfield code="z">Rome</subfield><subfield code="x">History</subfield><subfield code="y">16th century</subfield></datafield><datafield ind1=" " ind2="0" tag="650"><subfield code="a">Art and society</subfield><subfield code="z">Italy</subfield><subfield code="z">Rome</subfield><subfield code="x">History</subfield><subfield code="y">17th century</subfield></datafield><datafield ind1=" " ind2="0" tag="650"><subfield code="a">Christian art and symbolism</subfield><subfield code="z">Italy</subfield><subfield code="z">Rome</subfield><subfield code="y">Modern period, 1500-</subfield></datafield><datafield ind1=" " ind2="0" tag="650"><subfield code="a">Painting, Renaissance</subfield><subfield code="z">Italy</subfield><subfield code="z">Rome</subfield></datafield><datafield ind1=" " ind2="7" tag="650"><subfield code="a">Peinture de la Renaissance</subfield><subfield code="0">(IDREF)027338797</subfield><subfield code="2">idref</subfield></datafield><datafield ind1=" " ind2="7" tag="650"><subfield code="a">Santé</subfield><subfield code="0">(IDREF)027411125</subfield><subfield code="2">idref</subfield></datafield><datafield ind1=" " ind2="7" tag="650"><subfield code="a">16e siècle-17e siècle</subfield><subfield code="2">idref</subfield></datafield><datafield ind1=" " ind2="7" tag="650"><subfield code="a">Collectionneurs et collections</subfield><subfield code="0">(IDREF)027286258</subfield><subfield code="2">idref</subfield></datafield><datafield ind1=" " ind2="7" tag="651"><subfield code="a">Rom</subfield><subfield code="0">(DE-588)4050471-2</subfield><subfield code="2">gnd</subfield></datafield><datafield ind1=" " ind2="7" tag="651"><subfield code="a">Rome (Italie)</subfield><subfield code="0">(IDREF)02724301X</subfield><subfield code="2">idref</subfield></datafield><datafield ind1="4" ind2="2" tag="856"><subfield code="3">Inhaltsverzeichnis</subfield><subfield code="q">PDF</subfield><subfield code="u">https://urn.ub.unibe.ch/urn:ch:slsp:zhbl:0271071036:ihv:pdf</subfield></datafield><datafield ind1=" " ind2=" " tag="900"><subfield code="a">IDSZ2zbzmon201701l</subfield><subfield code="c">IDSZ2murd</subfield><subfield code="d">IDSZ2zbzswk201701g</subfield><subfield code="e">IDSZ2schl</subfield></datafield><datafield ind1=" " ind2=" " tag="949"><subfield code="a">https://urn.ub.unibe.ch/urn:ch:slsp:zhbl:0271071036:ihv:pdf</subfield></datafield></record>
</metadata></record>