<record><header><identifier>oai:alma.41SLSP_UGE:991000801789705502</identifier><datestamp>2024-03-08T01:28:36Z</datestamp><setSpec>uge_bcen_RapidILL_BOOK</setSpec><setSpec>uge_aaca_RapidILL_BOOK</setSpec><setSpec>uge_abels_RapidILL_BOOK</setSpec><setSpec>uge_dbu_RapidILL_BOOK</setSpec><setSpec>uge_cmu_RapidILL_BOOK</setSpec><setSpec>uge_mail_RapidILL_BOOK</setSpec><setSpec>uge_abbat_RapidILL_BOOK</setSpec><setSpec>UNIGE_ALL</setSpec><setSpec>uge_acar_RapidILL_BOOK</setSpec><setSpec>uge_aobs_RapidILL_BOOK</setSpec></header><metadata>
<record xmlns="http://www.loc.gov/MARC21/slim" xmlns:xsi="http://www.w3.org/2001/XMLSchema-instance" xsi:schemaLocation="http://www.loc.gov/MARC21/slim http://www.loc.gov/standards/marcxml/schema/MARC21slim.xsd"><leader>02152nam a2200553 c 4500</leader><controlfield tag="001">991000801789705502</controlfield><controlfield tag="005">20240307230315.0</controlfield><controlfield tag="008">201011s2015    gw ||||| |||| 00| ||ger d</controlfield><datafield ind1=" " ind2=" " tag="020"><subfield code="a">9783515111478</subfield></datafield><datafield ind1=" " ind2=" " tag="035"><subfield code="a">(swissbib)218679157-41slsp_network</subfield></datafield><datafield ind1=" " ind2=" " tag="035"><subfield code="a">218679157</subfield><subfield code="9">ExL</subfield></datafield><datafield ind1=" " ind2=" " tag="035"><subfield code="a">(RERO)R008309192-41slsp</subfield></datafield><datafield ind1=" " ind2=" " tag="035"><subfield code="a">(IDSBB)006443359DSV01</subfield></datafield><datafield ind1=" " ind2=" " tag="035"><subfield code="a">(ABN)000793668ABN01</subfield></datafield><datafield ind1=" " ind2=" " tag="035"><subfield code="a">(EXLNZ-41SLSP_NETWORK)991072302649705501</subfield></datafield><datafield ind1=" " ind2=" " tag="040"><subfield code="a">RERO geulhg</subfield><subfield code="d">CH-ZuSLS</subfield></datafield><datafield ind1=" " ind2="7" tag="072"><subfield code="a">hm</subfield><subfield code="2">rero</subfield></datafield><datafield ind1=" " ind2="7" tag="072"><subfield code="a">sp</subfield><subfield code="2">SzZuIDS BS/BE</subfield></datafield><datafield ind1=" " ind2="7" tag="072"><subfield code="a">ng</subfield><subfield code="2">SzZuIDS BS/BE</subfield></datafield><datafield ind1="0" ind2="4" tag="082"><subfield code="a">900</subfield></datafield><datafield ind1="1" ind2="4" tag="082"><subfield code="a">900</subfield><subfield code="2">15</subfield></datafield><datafield ind1="1" ind2=" " tag="100"><subfield code="a">Hack, Achim Thomas</subfield><subfield code="d">1967-</subfield><subfield code="0">(DE-588)17406490X</subfield><subfield code="6">880-01</subfield></datafield><datafield ind1="1" ind2=" " tag="880"><subfield code="6">100-01</subfield><subfield code="a">Hack, Achim Thomas</subfield><subfield code="d">1967-....</subfield><subfield code="0">(IDREF)050821504</subfield><subfield code="4">cre</subfield></datafield><datafield ind1="1" ind2="0" tag="245"><subfield code="a">Karolingische Kaiser als Sportler</subfield><subfield code="b">ein Beitrag zur frühmittelalterlichen Körpergeschichte</subfield><subfield code="c">Achim Thomas Hack</subfield></datafield><datafield ind1=" " ind2="1" tag="264"><subfield code="a">Stuttgart</subfield><subfield code="b">Franz Steiner Verlag</subfield><subfield code="c">2015</subfield></datafield><datafield ind1=" " ind2=" " tag="300"><subfield code="a">89 Seiten</subfield></datafield><datafield ind1=" " ind2=" " tag="336"><subfield code="b">txt</subfield><subfield code="2">rdacontent</subfield></datafield><datafield ind1=" " ind2=" " tag="337"><subfield code="b">n</subfield><subfield code="2">rdamedia</subfield></datafield><datafield ind1=" " ind2=" " tag="338"><subfield code="b">nc</subfield><subfield code="2">rdacarrier</subfield></datafield><datafield ind1="1" ind2=" " tag="490"><subfield code="a">Jenaer mediävistische Vorträge</subfield><subfield code="v">Band 4</subfield></datafield><datafield ind1=" " ind2=" " tag="500"><subfield code="a">Namensregister</subfield></datafield><datafield ind1=" " ind2=" " tag="500"><subfield code="a">Quellenregister</subfield></datafield><datafield ind1="0" ind2="7" tag="600"><subfield code="a">Carolingiens</subfield><subfield code="c">(dynastie)</subfield><subfield code="0">(RERO)A010060538</subfield><subfield code="2">rero</subfield></datafield><datafield ind1="3" ind2="7" tag="600"><subfield code="a">Karolinger</subfield><subfield code="c">Dynastie : 500-1085</subfield><subfield code="0">(DE-588)118721003</subfield><subfield code="2">gnd</subfield></datafield><datafield ind1=" " ind2="7" tag="648"><subfield code="a">Geschichte</subfield><subfield code="2">gnd</subfield></datafield><datafield ind1=" " ind2="7" tag="650"><subfield code="a">Sports</subfield><subfield code="0">(IDREF)027654702</subfield><subfield code="2">idref</subfield></datafield><datafield ind1=" " ind2="7" tag="650"><subfield code="a">Corps humain</subfield><subfield code="0">(IDREF)027230996</subfield><subfield code="2">idref</subfield></datafield><datafield ind1=" " ind2="7" tag="650"><subfield code="a">Moyen âge</subfield><subfield code="0">(IDREF)027329917</subfield><subfield code="2">idref</subfield></datafield><datafield ind1=" " ind2="7" tag="650"><subfield code="a">8e siècle-9e siècle</subfield><subfield code="2">idref</subfield></datafield><datafield ind1=" " ind2="7" tag="650"><subfield code="a">Kaiser</subfield><subfield code="0">(DE-588)4114123-4</subfield><subfield code="2">gnd</subfield></datafield><datafield ind1=" " ind2="7" tag="650"><subfield code="a">Sport</subfield><subfield code="0">(DE-588)4056366-2</subfield><subfield code="2">gnd</subfield></datafield><datafield ind1=" " ind2=" " tag="690"><subfield code="a">Sport - Geschichte - Karolinger</subfield><subfield code="2">EHSM_d</subfield></datafield><datafield ind1=" " ind2=" " tag="690"><subfield code="a">Sport - Histoire - Carolingiens</subfield><subfield code="2">EHSM_f</subfield></datafield><datafield ind1=" " ind2=" " tag="830"><subfield code="a">Jenaer mediävistische Vorträge</subfield><subfield code="v">4</subfield><subfield code="w">(RERO)R007252811-41slsp</subfield></datafield><datafield ind1="4" ind2=" " tag="856"><subfield code="3">Inhaltsverzeichnis</subfield><subfield code="u">http://d-nb.info/1073603385/04</subfield><subfield code="q">pdf</subfield></datafield><datafield ind1="4" ind2=" " tag="856"><subfield code="u">https://deposit.dnb.de/cgi-bin/dokserv?id=5304186&amp;prov=M&amp;dok_var=1&amp;dok_ext=htm</subfield><subfield code="z">Inhaltstext</subfield></datafield><datafield ind1=" " ind2=" " tag="900"><subfield code="a">REROnoselfmerge</subfield></datafield><datafield ind1=" " ind2=" " tag="900"><subfield code="a">IDSDSStoppsignal FRED</subfield></datafield><datafield ind1=" " ind2=" " tag="949"><subfield code="a">https://deposit.dnb.de/cgi-bin/dokserv?id=5304186&amp;prov=M&amp;dok_var=1&amp;dok_ext=htm</subfield></datafield><datafield ind1=" " ind2=" " tag="949"><subfield code="a">http://d-nb.info/1073603385/04</subfield></datafield></record>
</metadata></record>