<record><header><identifier>oai:alma.41SLSP_UGE:991000801689705502</identifier><datestamp>2023-03-01T01:09:43Z</datestamp><setSpec>uge_bcen_RapidILL_BOOK</setSpec><setSpec>uge_aaca_RapidILL_BOOK</setSpec><setSpec>uge_abels_RapidILL_BOOK</setSpec><setSpec>uge_dbu_RapidILL_BOOK</setSpec><setSpec>uge_cmu_RapidILL_BOOK</setSpec><setSpec>uge_mail_RapidILL_BOOK</setSpec><setSpec>UNIGE_ALL</setSpec><setSpec>uge_abbat_RapidILL_BOOK</setSpec><setSpec>uge_aobs_RapidILL_BOOK</setSpec><setSpec>uge_acar_RapidILL_BOOK</setSpec></header><metadata>
<record xmlns="http://www.loc.gov/MARC21/slim" xmlns:xsi="http://www.w3.org/2001/XMLSchema-instance" xsi:schemaLocation="http://www.loc.gov/MARC21/slim http://www.loc.gov/standards/marcxml/schema/MARC21slim.xsd"><leader>02297nam a2200541 c 4500</leader><controlfield tag="001">991000801689705502</controlfield><controlfield tag="005">20230118200809.0</controlfield><controlfield tag="008">201011s2015    fr ||||| |||| 00| ||fre d</controlfield><datafield ind1=" " ind2=" " tag="020"><subfield code="a">9782745328373</subfield><subfield code="q">br.</subfield></datafield><datafield ind1=" " ind2=" " tag="020"><subfield code="a">2745328379</subfield></datafield><datafield ind1=" " ind2=" " tag="035"><subfield code="a">(swissbib)21484787X-41slsp_network</subfield></datafield><datafield ind1=" " ind2=" " tag="035"><subfield code="a">21484787X</subfield><subfield code="9">ExL</subfield></datafield><datafield ind1=" " ind2=" " tag="035"><subfield code="a">(RERO)R008129899-41slsp</subfield></datafield><datafield ind1=" " ind2=" " tag="035"><subfield code="a">(IDSBB)006396792DSV01</subfield></datafield><datafield ind1=" " ind2=" " tag="035"><subfield code="a">(NEBIS)010470600EBI01</subfield></datafield><datafield ind1=" " ind2=" " tag="035"><subfield code="a">(OCoLC)908683455</subfield></datafield><datafield ind1=" " ind2=" " tag="035"><subfield code="a">(EXLNZ-41SLSP_NETWORK)991093699259705501</subfield></datafield><datafield ind1=" " ind2=" " tag="040"><subfield code="a">RERO geulfr</subfield><subfield code="d">CH-ZuSLS</subfield></datafield><datafield ind1=" " ind2=" " tag="044"><subfield code="a">sz</subfield><subfield code="c">ch-ge</subfield></datafield><datafield ind1=" " ind2=" " tag="050"><subfield code="a">PQ1551.A9</subfield><subfield code="b">C7348 2015</subfield></datafield><datafield ind1=" " ind2="7" tag="072"><subfield code="a">fm</subfield><subfield code="2">rero</subfield></datafield><datafield ind1=" " ind2="7" tag="072"><subfield code="a">fr</subfield><subfield code="2">SzZuIDS BS/BE</subfield></datafield><datafield ind1="0" ind2="4" tag="082"><subfield code="a">840.71</subfield></datafield><datafield ind1="1" ind2=" " tag="100"><subfield code="6">880-01</subfield><subfield code="a">Guyen-Croquez, Valérie</subfield><subfield code="d">1963-....</subfield><subfield code="0">(IDREF)13343687X</subfield><subfield code="4">cre</subfield></datafield><datafield ind1="1" ind2=" " tag="880"><subfield code="a">Guyen-Croquez, Valérie</subfield><subfield code="d">1963-</subfield><subfield code="0">(DE-588)1071578626</subfield><subfield code="6">100-01</subfield></datafield><datafield ind1="1" ind2="0" tag="245"><subfield code="a">Tradition et originalité dans les &quot;Croniques et conquestes de Charlemaine&quot; de David Aubert</subfield><subfield code="c">Valérie Guyen-Croquez</subfield></datafield><datafield ind1=" " ind2="1" tag="264"><subfield code="a">Paris</subfield><subfield code="b">H. Champion</subfield><subfield code="a">Genève</subfield><subfield code="b">diff. Slatkine</subfield><subfield code="c">2015</subfield></datafield><datafield ind1=" " ind2=" " tag="300"><subfield code="a">466 p.</subfield><subfield code="c">22 cm</subfield></datafield><datafield ind1=" " ind2=" " tag="336"><subfield code="b">txt</subfield><subfield code="2">rdacontent</subfield></datafield><datafield ind1=" " ind2=" " tag="337"><subfield code="b">n</subfield><subfield code="2">rdamedia</subfield></datafield><datafield ind1=" " ind2=" " tag="338"><subfield code="b">nc</subfield><subfield code="2">rdacarrier</subfield></datafield><datafield ind1="1" ind2=" " tag="490"><subfield code="a">Bibliothèque du XVe siècle</subfield><subfield code="v">79</subfield></datafield><datafield ind1=" " ind2=" " tag="500"><subfield code="a">Thèse remanieé Univ. de Lorraine, 2008</subfield></datafield><datafield ind1=" " ind2=" " tag="504"><subfield code="a">Bibliographie (p. 407-430) et index</subfield></datafield><datafield ind1="1" ind2="7" tag="600"><subfield code="a">Aubert, David.</subfield><subfield code="t">Croniques et conquestes de Charlemaine</subfield><subfield code="0">(RERO)A010047124</subfield><subfield code="2">rero</subfield></datafield><datafield ind1="1" ind2="7" tag="600"><subfield code="a">Aubert, David</subfield><subfield code="t">Conquestes de Charlemaine</subfield><subfield code="0">(DE-588)4721555-0</subfield><subfield code="2">gnd</subfield></datafield><datafield ind1="1" ind2="0" tag="600"><subfield code="a">Aubert, David</subfield><subfield code="d">active 1458-1479</subfield><subfield code="t">Croniques et conquestes de Charlemaine</subfield></datafield><datafield ind1="0" ind2="0" tag="600"><subfield code="a">Charlemagne</subfield><subfield code="c">Emperor</subfield><subfield code="d">742-814</subfield><subfield code="x">In literature</subfield></datafield><datafield ind1=" " ind2="7" tag="650"><subfield code="a">Chronik</subfield><subfield code="0">(DE-588)4127914-1</subfield><subfield code="2">gnd</subfield></datafield><datafield ind1=" " ind2="7" tag="650"><subfield code="a">Chanson de geste</subfield><subfield code="0">(DE-588)4147562-8</subfield><subfield code="2">gnd</subfield></datafield><datafield ind1=" " ind2="7" tag="650"><subfield code="a">Rezeption</subfield><subfield code="0">(DE-588)4049716-1</subfield><subfield code="2">gnd</subfield></datafield><datafield ind1=" " ind2="7" tag="655"><subfield code="a">Thèses et écrits académiques</subfield><subfield code="0">(IDREF)027253139</subfield><subfield code="2">idref</subfield></datafield><datafield ind1=" " ind2="7" tag="655"><subfield code="a">Hochschulschrift</subfield><subfield code="2">gnd-content</subfield></datafield><datafield ind1="4" ind2=" " tag="856"><subfield code="3">Titelblatt und Inhaltsverzeichnis</subfield><subfield code="u">https://toc.library.ethz.ch/objects/pdf03/z01_978-2-7453-2837-3_01.pdf</subfield><subfield code="q">pdf</subfield></datafield><datafield ind1=" " ind2="0" tag="830"><subfield code="a">Bibliothèque du XVe siècle</subfield><subfield code="v">79</subfield><subfield code="w">(RERO)0090772-41slsp</subfield></datafield><datafield ind1=" " ind2=" " tag="900"><subfield code="a">REROnoselfmerge</subfield></datafield><datafield ind1=" " ind2=" " tag="900"><subfield code="a">IDSZ2zbzmon201508f</subfield><subfield code="c">IDSZ2rein</subfield><subfield code="d">IDSZ2zbzswk201510b</subfield><subfield code="e">IDSZ2lanz</subfield></datafield><datafield ind1=" " ind2=" " tag="911"><subfield code="a">100</subfield><subfield code="a">Guyen-Croquez, Valérie</subfield><subfield code="d">1963-</subfield></datafield><datafield ind1=" " ind2=" " tag="949"><subfield code="a">https://toc.library.ethz.ch/objects/pdf03/z01_978-2-7453-2837-3_01.pdf</subfield></datafield></record>
</metadata></record>