<record><header><identifier>oai:alma.41SLSP_UGE:991000801999705502</identifier><datestamp>2023-03-01T01:09:43Z</datestamp><setSpec>uge_bcen_RapidILL_BOOK</setSpec><setSpec>uge_aaca_RapidILL_BOOK</setSpec><setSpec>uge_abels_RapidILL_BOOK</setSpec><setSpec>uge_dbu_RapidILL_BOOK</setSpec><setSpec>uge_cmu_RapidILL_BOOK</setSpec><setSpec>uge_mail_RapidILL_BOOK</setSpec><setSpec>UNIGE_ALL</setSpec><setSpec>uge_abbat_RapidILL_BOOK</setSpec><setSpec>uge_acar_RapidILL_BOOK</setSpec><setSpec>uge_aobs_RapidILL_BOOK</setSpec></header><metadata>
<record xmlns="http://www.loc.gov/MARC21/slim" xmlns:xsi="http://www.w3.org/2001/XMLSchema-instance" xsi:schemaLocation="http://www.loc.gov/MARC21/slim http://www.loc.gov/standards/marcxml/schema/MARC21slim.xsd"><leader>03491nam a2200385 c 4500</leader><controlfield tag="001">991000801999705502</controlfield><controlfield tag="005">20230213204230.0</controlfield><controlfield tag="008">000816s1997    ru ||||| |||| 00| ||rus d</controlfield><datafield ind1=" " ind2=" " tag="020"><subfield code="a">5806400018</subfield></datafield><datafield ind1=" " ind2=" " tag="035"><subfield code="a">(swissbib)094242194-41slsp_network</subfield></datafield><datafield ind1=" " ind2=" " tag="035"><subfield code="a">094242194</subfield><subfield code="9">ExL</subfield></datafield><datafield ind1=" " ind2=" " tag="035"><subfield code="a">(RERO)R245563760-41slsp</subfield></datafield><datafield ind1=" " ind2=" " tag="035"><subfield code="a">(EXLNZ-41SLSP_NETWORK)991005519819705501</subfield></datafield><datafield ind1=" " ind2=" " tag="040"><subfield code="a">RERO frbcuc</subfield><subfield code="d">CH-ZuSLS</subfield></datafield><datafield ind1=" " ind2="7" tag="072"><subfield code="a">ru</subfield><subfield code="2">rero</subfield></datafield><datafield ind1="1" ind2=" " tag="100"><subfield code="6">880-01</subfield><subfield code="a">Gončarov, Sergej Aleksandrovič</subfield><subfield code="d">19..-....</subfield><subfield code="0">(IDREF)113476760</subfield><subfield code="4">cre</subfield></datafield><datafield ind1="1" ind2=" " tag="880"><subfield code="6">100-01/(N</subfield><subfield code="a">Гончаров, Сергей Александрович</subfield></datafield><datafield ind1="1" ind2="0" tag="245"><subfield code="6">880-02</subfield><subfield code="a">Tvorchestvo Gogoli︠a︡ v religiozno-misticheskom kontekste</subfield><subfield code="c">S.A. Goncharov ; Rossiĭskiĭ gos. pedegogicheskiĭ universitet im. A.I. Gert︠s︡ena</subfield></datafield><datafield ind1="1" ind2="0" tag="880"><subfield code="6">245-02/(N</subfield><subfield code="a">Творчество Гоголя в религиозно-мистическом контексте</subfield><subfield code="c">С.А. Гончаров ; Российский гос. педагогический университет им. А.И. Герцена</subfield></datafield><datafield ind1="1" ind2=" " tag="246"><subfield code="a">Tvorčestvo Gogolja v religiozno-mističeskom kontekste / S.A. Gončarov ; Rossijskij gos. pedegogičeskij universitet im. A.I. Gercena</subfield></datafield><datafield ind1=" " ind2="1" tag="264"><subfield code="6">880-03</subfield><subfield code="a">S.-Peterburg</subfield><subfield code="b">Izd. RGPU</subfield><subfield code="c">1997</subfield></datafield><datafield ind1=" " ind2="1" tag="880"><subfield code="6">264-03/(N</subfield><subfield code="a">С.-Петербург</subfield><subfield code="b">Изд. РГПУ</subfield><subfield code="c">1997</subfield></datafield><datafield ind1=" " ind2=" " tag="300"><subfield code="a">338 p.</subfield><subfield code="c">20 cm</subfield></datafield><datafield ind1=" " ind2=" " tag="336"><subfield code="b">txt</subfield><subfield code="2">rdacontent</subfield></datafield><datafield ind1=" " ind2=" " tag="337"><subfield code="b">n</subfield><subfield code="2">rdamedia</subfield></datafield><datafield ind1=" " ind2=" " tag="338"><subfield code="b">nc</subfield><subfield code="2">rdacarrier</subfield></datafield><datafield ind1="1" ind2="7" tag="600"><subfield code="a">Gogol, Nikolaï Vasilievitch</subfield><subfield code="d">1809-1852</subfield><subfield code="0">(IDREF)027354407</subfield><subfield code="2">idref</subfield></datafield><datafield ind1=" " ind2="7" tag="650"><subfield code="a">Morale</subfield><subfield code="0">(IDREF)027790029</subfield><subfield code="2">idref</subfield></datafield><datafield ind1=" " ind2="7" tag="650"><subfield code="a">Philosophie</subfield><subfield code="0">(IDREF)027295206</subfield><subfield code="2">idref</subfield></datafield><datafield ind1=" " ind2="7" tag="650"><subfield code="a">Religion</subfield><subfield code="0">(IDREF)027636895</subfield><subfield code="2">idref</subfield></datafield><datafield ind1=" " ind2="7" tag="650"><subfield code="a">Culture</subfield><subfield code="0">(IDREF)027231429</subfield><subfield code="2">idref</subfield></datafield><datafield ind1=" " ind2="7" tag="650"><subfield code="a">Mystique</subfield><subfield code="0">(IDREF)027687201</subfield><subfield code="2">idref</subfield></datafield><datafield ind1=" " ind2="7" tag="650"><subfield code="a">Poétique</subfield><subfield code="0">(IDREF)027336654</subfield><subfield code="2">idref</subfield></datafield><datafield ind1="2" ind2=" " tag="710"><subfield code="6">880-04</subfield><subfield code="a">Rossijskij gosudarstvennyj pedagogičeskij universitet im. A. I. Gercena</subfield><subfield code="g">Saint-Pétersbourg, Russie</subfield><subfield code="0">(IDREF)094937265</subfield></datafield><datafield ind1="2" ind2=" " tag="880"><subfield code="6">710-04/(N</subfield><subfield code="a">Российский государственный педагогический университет им. А.И. Герцена (Санкт-Петербург)</subfield></datafield><datafield ind1=" " ind2=" " tag="900"><subfield code="a">REROnoselfmerge</subfield></datafield></record>
</metadata></record>