<record><header><identifier>oai:alma.41SLSP_UGE:991000782049705502</identifier><datestamp>2023-03-01T01:09:43Z</datestamp><setSpec>uge_bcen_RapidILL_BOOK</setSpec><setSpec>uge_aaca_RapidILL_BOOK</setSpec><setSpec>uge_abels_RapidILL_BOOK</setSpec><setSpec>uge_dbu_RapidILL_BOOK</setSpec><setSpec>uge_cmu_RapidILL_BOOK</setSpec><setSpec>uge_mail_RapidILL_BOOK</setSpec><setSpec>UNIGE_ALL</setSpec><setSpec>uge_abbat_RapidILL_BOOK</setSpec><setSpec>uge_aobs_RapidILL_BOOK</setSpec><setSpec>uge_acar_RapidILL_BOOK</setSpec></header><metadata>
<record xmlns="http://www.loc.gov/MARC21/slim" xmlns:xsi="http://www.w3.org/2001/XMLSchema-instance" xsi:schemaLocation="http://www.loc.gov/MARC21/slim http://www.loc.gov/standards/marcxml/schema/MARC21slim.xsd"><leader>01007nam a2200253 c 4500</leader><controlfield tag="001">991000782049705502</controlfield><controlfield tag="005">20201225180812.0</controlfield><controlfield tag="008">930107s1921    fr ||||| |||| 00| ||fre d</controlfield><datafield ind1=" " ind2=" " tag="035"><subfield code="a">(swissbib)087203618-41slsp_network</subfield></datafield><datafield ind1=" " ind2=" " tag="035"><subfield code="a">087203618</subfield><subfield code="9">ExL</subfield></datafield><datafield ind1=" " ind2=" " tag="035"><subfield code="a">(RERO)1625677-41slsp</subfield></datafield><datafield ind1=" " ind2=" " tag="035"><subfield code="a">(EXLNZ-41SLSP_NETWORK)991014170429705501</subfield></datafield><datafield ind1=" " ind2=" " tag="040"><subfield code="a">RERO laacv-</subfield><subfield code="d">CH-ZuSLS</subfield></datafield><datafield ind1=" " ind2="7" tag="072"><subfield code="a">hs</subfield><subfield code="2">rero</subfield></datafield><datafield ind1="0" ind2="0" tag="245"><subfield code="a">Séries A, B et 1 C - 1 C IV</subfield><subfield code="c">réd. par Max Bruchet et Gaston Letonnelier</subfield></datafield><datafield ind1=" " ind2="1" tag="264"><subfield code="a">Annecy</subfield><subfield code="b">Archives départementales de Haute-Savoie</subfield><subfield code="c">1921</subfield></datafield><datafield ind1=" " ind2=" " tag="300"><subfield code="a">XXIII, 412 p.</subfield><subfield code="c">32 cm</subfield></datafield><datafield ind1=" " ind2=" " tag="336"><subfield code="b">txt</subfield><subfield code="2">rdacontent</subfield></datafield><datafield ind1=" " ind2=" " tag="337"><subfield code="b">n</subfield><subfield code="2">rdamedia</subfield></datafield><datafield ind1=" " ind2=" " tag="338"><subfield code="b">nc</subfield><subfield code="2">rdacarrier</subfield></datafield><datafield ind1="1" ind2=" " tag="490"><subfield code="a">Inventaire sommaire des archives départementales antérieures à 1790. Haute-Savoie</subfield><subfield code="v">Série A, B, C</subfield></datafield><datafield ind1="1" ind2=" " tag="700"><subfield code="a">Bruchet, Max</subfield><subfield code="0">(RERO)A003049269</subfield></datafield><datafield ind1="2" ind2=" " tag="710"><subfield code="a">Haute-Savoie</subfield><subfield code="b">Archives départementales</subfield><subfield code="0">(IDREF)026556413</subfield></datafield><datafield ind1=" " ind2=" " tag="830"><subfield code="a">Inventaire sommaire des archives départementales antérieures à 1790</subfield><subfield code="p">Haute-Savoie</subfield><subfield code="v">A</subfield><subfield code="w">(RERO)1628617-41slsp</subfield></datafield><datafield ind1=" " ind2=" " tag="900"><subfield code="a">REROnoselfmerge</subfield></datafield></record>
</metadata></record>