<record><header><identifier>oai:alma.41SLSP_UGE:991000782759705502</identifier><datestamp>2023-04-10T00:46:03Z</datestamp><setSpec>uge_bcen_RapidILL_BOOK</setSpec><setSpec>uge_aaca_RapidILL_BOOK</setSpec><setSpec>uge_abels_RapidILL_BOOK</setSpec><setSpec>uge_dbu_RapidILL_BOOK</setSpec><setSpec>uge_cmu_RapidILL_BOOK</setSpec><setSpec>uge_mail_RapidILL_BOOK</setSpec><setSpec>uge_abbat_RapidILL_BOOK</setSpec><setSpec>UNIGE_ALL</setSpec><setSpec>uge_aobs_RapidILL_BOOK</setSpec><setSpec>uge_acar_RapidILL_BOOK</setSpec></header><metadata>
<record xmlns="http://www.loc.gov/MARC21/slim" xmlns:xsi="http://www.w3.org/2001/XMLSchema-instance" xsi:schemaLocation="http://www.loc.gov/MARC21/slim http://www.loc.gov/standards/marcxml/schema/MARC21slim.xsd"><leader>04208nam a2201153 c 4500</leader><controlfield tag="001">991000782759705502</controlfield><controlfield tag="005">20230409171533.0</controlfield><controlfield tag="008">201011s1992    xxk||||| |||| 00| ||eng d</controlfield><datafield ind1=" " ind2=" " tag="020"><subfield code="a">0521405327</subfield><subfield code="q">hardback</subfield></datafield><datafield ind1="7" ind2=" " tag="024"><subfield code="a">http://catalogue.bnf.fr/ark:/12148/cb36666532x</subfield><subfield code="2">uri</subfield></datafield><datafield ind1=" " ind2=" " tag="035"><subfield code="a">(swissbib)225680696-41slsp_network</subfield></datafield><datafield ind1=" " ind2=" " tag="035"><subfield code="a">225680696</subfield><subfield code="9">ExL</subfield></datafield><datafield ind1=" " ind2=" " tag="035"><subfield code="a">(RERO)1523924-41slsp</subfield></datafield><datafield ind1=" " ind2=" " tag="035"><subfield code="a">(NEBIS)001227555EBI01</subfield></datafield><datafield ind1=" " ind2=" " tag="035"><subfield code="a">(IDSBB)000832359DSV01</subfield></datafield><datafield ind1=" " ind2=" " tag="035"><subfield code="a">(EXLNZ-41SLSP_NETWORK)991156209039705501</subfield></datafield><datafield ind1=" " ind2=" " tag="040"><subfield code="a">RERO geulru</subfield><subfield code="d">CH-ZuSLS</subfield></datafield><datafield ind1=" " ind2="7" tag="072"><subfield code="a">ru</subfield><subfield code="2">rero</subfield></datafield><datafield ind1=" " ind2="7" tag="072"><subfield code="a">ju</subfield><subfield code="2">SzZuIDS BS/BE</subfield></datafield><datafield ind1=" " ind2="7" tag="072"><subfield code="a">og</subfield><subfield code="2">SzZuIDS BS/BE</subfield></datafield><datafield ind1="0" ind2="0" tag="082"><subfield code="a">261.7/0947</subfield><subfield code="2">21</subfield></datafield><datafield ind1="0" ind2="0" tag="082"><subfield code="a">947/.004924</subfield><subfield code="2">20</subfield></datafield><datafield ind1="0" ind2="4" tag="082"><subfield code="a">305.8924047</subfield><subfield code="2">20</subfield></datafield><datafield ind1="0" ind2="4" tag="082"><subfield code="a">947</subfield><subfield code="b">.004924</subfield><subfield code="2">20</subfield></datafield><datafield ind1="0" ind2="4" tag="082"><subfield code="a">930</subfield></datafield><datafield ind1="1" ind2="4" tag="082"><subfield code="a">947.004 924</subfield><subfield code="2">22</subfield></datafield><datafield ind1="1" ind2="4" tag="082"><subfield code="a">940</subfield><subfield code="2">15</subfield></datafield><datafield ind1="1" ind2="4" tag="082"><subfield code="a">296</subfield><subfield code="2">15</subfield></datafield><datafield ind1="1" ind2="4" tag="082"><subfield code="a">947.004924</subfield></datafield><datafield ind1=" " ind2=" " tag="084"><subfield code="a">BO 6985</subfield><subfield code="2">rvk</subfield></datafield><datafield ind1=" " ind2=" " tag="084"><subfield code="a">MG 85270</subfield><subfield code="2">rvk</subfield></datafield><datafield ind1=" " ind2=" " tag="084"><subfield code="a">MS 3400</subfield><subfield code="2">rvk</subfield></datafield><datafield ind1=" " ind2=" " tag="084"><subfield code="a">NY 4780</subfield><subfield code="2">rvk</subfield></datafield><datafield ind1=" " ind2=" " tag="084"><subfield code="a">NY 8000</subfield><subfield code="2">rvk</subfield></datafield><datafield ind1=" " ind2=" " tag="084"><subfield code="a">BD 9420</subfield><subfield code="2">rvk</subfield></datafield><datafield ind1="0" ind2="0" tag="245"><subfield code="a">Pogroms</subfield><subfield code="b">anti-Jewish violence in modern Russian history</subfield><subfield code="c">ed. by John D. Klier and Shlomo Lambroza</subfield></datafield><datafield ind1=" " ind2="1" tag="264"><subfield code="a">Cambridge</subfield><subfield code="a">New York [etc.]</subfield><subfield code="b">Cambridge University Press</subfield><subfield code="c">[1992]</subfield></datafield><datafield ind1=" " ind2=" " tag="300"><subfield code="a">XX, 393 p.</subfield><subfield code="b">ill.</subfield><subfield code="c">24 cm</subfield></datafield><datafield ind1=" " ind2=" " tag="336"><subfield code="b">txt</subfield><subfield code="2">rdacontent</subfield></datafield><datafield ind1=" " ind2=" " tag="337"><subfield code="b">n</subfield><subfield code="2">rdamedia</subfield></datafield><datafield ind1=" " ind2=" " tag="338"><subfield code="b">nc</subfield><subfield code="2">rdacarrier</subfield></datafield><datafield ind1=" " ind2=" " tag="504"><subfield code="a">Literaturverz.</subfield></datafield><datafield ind1=" " ind2="7" tag="648"><subfield code="a">Geschichte 1850-1900</subfield><subfield code="2">idszbz</subfield></datafield><datafield ind1=" " ind2="7" tag="648"><subfield code="a">Geschichte 1881-1921</subfield><subfield code="2">idszbz</subfield></datafield><datafield ind1=" " ind2="7" tag="648"><subfield code="a">Geschichte 1900-1950</subfield><subfield code="2">idszbz</subfield></datafield><datafield ind1=" " ind2="7" tag="648"><subfield code="a">Geschichte 1881-1906</subfield><subfield code="2">gnd</subfield></datafield><datafield ind1=" " ind2="7" tag="648"><subfield code="a">Geschichte 1881-1921</subfield><subfield code="2">gnd</subfield></datafield><datafield ind1=" " ind2="7" tag="648"><subfield code="a">Geschichte 1919-1921</subfield><subfield code="2">gnd</subfield></datafield><datafield ind1=" " ind2="7" tag="648"><subfield code="a">Geschichte 1880-1917</subfield><subfield code="2">gnd</subfield></datafield><datafield ind1=" " ind2="7" tag="648"><subfield code="a">Geschichte 1917-1921</subfield><subfield code="2">gnd</subfield></datafield><datafield ind1=" " ind2="7" tag="650"><subfield code="a">19e siècle (fin)-20e siècle (début)</subfield><subfield code="0">(RERO)A022505713</subfield><subfield code="2">rero</subfield></datafield><datafield ind1=" " ind2="7" tag="650"><subfield code="a">1881-1921</subfield><subfield code="2">rero</subfield></datafield><datafield ind1=" " ind2="7" tag="650"><subfield code="a">Pogroms</subfield><subfield code="0">(IDREF)113531990</subfield><subfield code="2">idref</subfield></datafield><datafield ind1=" " ind2="7" tag="650"><subfield code="a">Juifs</subfield><subfield code="0">(IDREF)02723570X</subfield><subfield code="2">idref</subfield></datafield><datafield ind1=" " ind2="7" tag="650"><subfield code="a">Persécutions</subfield><subfield code="0">(IDREF)027366618</subfield><subfield code="2">idref</subfield></datafield><datafield ind1=" " ind2="7" tag="650"><subfield code="a">Judenverfolgung</subfield><subfield code="2">idszbz</subfield></datafield><datafield ind1=" " ind2="7" tag="650"><subfield code="a">Geschichte</subfield><subfield code="0">(DE-588)4020517-4</subfield><subfield code="2">gnd</subfield></datafield><datafield ind1=" " ind2="0" tag="650"><subfield code="a">Jews</subfield><subfield code="x">Ethnic relations</subfield></datafield><datafield ind1=" " ind2="0" tag="650"><subfield code="a">Jews</subfield><subfield code="x">History</subfield></datafield><datafield ind1=" " ind2="0" tag="650"><subfield code="a">Jews</subfield><subfield code="z">Russia</subfield><subfield code="x">History</subfield></datafield><datafield ind1=" " ind2="7" tag="650"><subfield code="a">Antisemitismus</subfield><subfield code="0">(DE-588)4002333-3</subfield><subfield code="2">gnd</subfield></datafield><datafield ind1=" " ind2="7" tag="650"><subfield code="a">Juden</subfield><subfield code="0">(DE-588)4028808-0</subfield><subfield code="2">gnd</subfield></datafield><datafield ind1=" " ind2="7" tag="650"><subfield code="a">Judenverfolgung</subfield><subfield code="0">(DE-588)4028814-6</subfield><subfield code="2">gnd</subfield></datafield><datafield ind1=" " ind2="7" tag="650"><subfield code="a">Pogrom</subfield><subfield code="0">(DE-588)4137649-3</subfield><subfield code="2">gnd</subfield></datafield><datafield ind1=" " ind2="0" tag="650"><subfield code="a">Jews</subfield><subfield code="x">Persecutions</subfield><subfield code="z">Russia</subfield></datafield><datafield ind1=" " ind2="0" tag="650"><subfield code="a">Jews</subfield><subfield code="x">Persecutions</subfield><subfield code="z">Soviet Union</subfield></datafield><datafield ind1=" " ind2="0" tag="650"><subfield code="a">Pogroms</subfield><subfield code="z">Russia</subfield></datafield><datafield ind1=" " ind2="7" tag="650"><subfield code="a">Staat</subfield><subfield code="0">(DE-588)4056618-3</subfield><subfield code="2">gnd</subfield></datafield><datafield ind1=" " ind2="7" tag="650"><subfield code="a">Judenverfolgung</subfield><subfield code="z">Russland</subfield><subfield code="2">idsbb</subfield></datafield><datafield ind1=" " ind2="7" tag="650"><subfield code="a">Judenverfolgung</subfield><subfield code="z">Sowjetunion</subfield><subfield code="2">idsbb</subfield></datafield><datafield ind1=" " ind2="7" tag="650"><subfield code="a">Gewalt</subfield><subfield code="x">Gesellschaft</subfield><subfield code="z">Russland</subfield><subfield code="y">Geschichte 19. Jh</subfield><subfield code="2">idsbb</subfield></datafield><datafield ind1=" " ind2="7" tag="650"><subfield code="a">Gewalt</subfield><subfield code="x">Gesellschaft</subfield><subfield code="z">Russland</subfield><subfield code="y">Geschichte 20. Jh</subfield><subfield code="2">idsbb</subfield></datafield><datafield ind1=" " ind2="7" tag="650"><subfield code="a">Gewalt</subfield><subfield code="x">Gesellschaft</subfield><subfield code="z">Sowjetunion</subfield><subfield code="2">idsbb</subfield></datafield><datafield ind1=" " ind2="0" tag="650"><subfield code="a">Church and state</subfield><subfield code="z">Soviet Union</subfield></datafield><datafield ind1=" " ind2="7" tag="650"><subfield code="a">Kirchenpolitik</subfield><subfield code="0">(DE-588)4030745-1</subfield><subfield code="2">gnd</subfield></datafield><datafield ind1=" " ind2="7" tag="650"><subfield code="a">Kirche</subfield><subfield code="0">(DE-588)4030702-5</subfield><subfield code="2">gnd</subfield></datafield><datafield ind1=" " ind2="7" tag="650"><subfield code="a">Religionspolitik</subfield><subfield code="0">(DE-588)4049416-0</subfield><subfield code="2">gnd</subfield></datafield><datafield ind1=" " ind2="7" tag="650"><subfield code="a">Antisémitisme</subfield><subfield code="z">Russie</subfield><subfield code="0">(FrPBN)11976062</subfield><subfield code="y">1870-1914</subfield><subfield code="0">(FrPBN)11938499</subfield><subfield code="0">(FrPBN)11940518</subfield><subfield code="2">ram</subfield></datafield><datafield ind1=" " ind2="7" tag="650"><subfield code="a">Juifs</subfield><subfield code="x">Persécutions</subfield><subfield code="z">Russie</subfield><subfield code="0">(FrPBN)11976062</subfield><subfield code="y">1870-1914</subfield><subfield code="0">(FrPBN)13318352</subfield><subfield code="0">(FrPBN)11940518</subfield><subfield code="2">ram</subfield></datafield><datafield ind1=" " ind2="7" tag="651"><subfield code="a">Russie</subfield><subfield code="0">(IDREF)027342395</subfield><subfield code="2">idref</subfield></datafield><datafield ind1=" " ind2="7" tag="651"><subfield code="a">Russland</subfield><subfield code="2">idszbz</subfield></datafield><datafield ind1=" " ind2="0" tag="651"><subfield code="a">Soviet Union</subfield></datafield><datafield ind1=" " ind2="7" tag="651"><subfield code="a">Russland</subfield><subfield code="0">(DE-588)4076899-5</subfield><subfield code="2">gnd</subfield></datafield><datafield ind1=" " ind2="7" tag="651"><subfield code="a">Sowjetunion</subfield><subfield code="0">(DE-588)4077548-3</subfield><subfield code="2">gnd</subfield></datafield><datafield ind1=" " ind2="0" tag="651"><subfield code="a">Russia</subfield><subfield code="x">Ethnic relations</subfield></datafield><datafield ind1=" " ind2="0" tag="651"><subfield code="a">Soviet Union</subfield><subfield code="x">Ethnic relations</subfield></datafield><datafield ind1=" " ind2="0" tag="651"><subfield code="a">Soviet Union</subfield><subfield code="x">Religion</subfield></datafield><datafield ind1=" " ind2="7" tag="651"><subfield code="a">Russie</subfield><subfield code="x">Relations interethniques</subfield><subfield code="0">(FrPBN)11976062</subfield><subfield code="y">1870-1914</subfield><subfield code="0">(FrPBN)11940518</subfield><subfield code="0">(FrPBN)11953253</subfield><subfield code="2">ram</subfield></datafield><datafield ind1=" " ind2=" " tag="690"><subfield code="a">1800</subfield><subfield code="2">uzb-ZA</subfield></datafield><datafield ind1=" " ind2=" " tag="690"><subfield code="a">1917-1921</subfield><subfield code="2">uzb-ZA</subfield></datafield><datafield ind1=" " ind2=" " tag="690"><subfield code="a">Juden</subfield><subfield code="2">uzb-ZA</subfield></datafield><datafield ind1=" " ind2=" " tag="690"><subfield code="a">Russland Sowjetunion</subfield><subfield code="2">uzb-ZA</subfield></datafield><datafield ind1=" " ind2=" " tag="690"><subfield code="a">Ostjudentum</subfield><subfield code="2">ubs-AF</subfield></datafield><datafield ind1=" " ind2=" " tag="690"><subfield code="a">Juden.Russland</subfield><subfield code="2">ubs-AF</subfield></datafield><datafield ind1=" " ind2=" " tag="690"><subfield code="a">Antisemitismus.Russland</subfield><subfield code="2">ubs-AF</subfield></datafield><datafield ind1="1" ind2=" " tag="700"><subfield code="a">Klier, John</subfield><subfield code="d">1944-2007</subfield><subfield code="0">(DE-588)134156196</subfield></datafield><datafield ind1="1" ind2=" " tag="700"><subfield code="a">Klier, John Doyle</subfield><subfield code="0">(RERO)A003459564</subfield></datafield><datafield ind1="1" ind2=" " tag="700"><subfield code="a">Lambroza, Shlomo</subfield><subfield code="0">(IDREF)032215959</subfield></datafield><datafield ind1=" " ind2=" " tag="900"><subfield code="a">REROnoselfmerge</subfield></datafield><datafield ind1=" " ind2=" " tag="900"><subfield code="a">IDSDSStoppsignal FRED</subfield></datafield></record>
</metadata></record>