<record><header><identifier>oai:alma.41SLSP_UGE:991000782039705502</identifier><datestamp>2023-03-01T01:09:43Z</datestamp><setSpec>uge_bcen_RapidILL_BOOK</setSpec><setSpec>uge_aaca_RapidILL_BOOK</setSpec><setSpec>uge_abels_RapidILL_BOOK</setSpec><setSpec>uge_dbu_RapidILL_BOOK</setSpec><setSpec>uge_cmu_RapidILL_BOOK</setSpec><setSpec>uge_mail_RapidILL_BOOK</setSpec><setSpec>UNIGE_ALL</setSpec><setSpec>uge_abbat_RapidILL_BOOK</setSpec><setSpec>uge_aobs_RapidILL_BOOK</setSpec><setSpec>uge_acar_RapidILL_BOOK</setSpec></header><metadata>
<record xmlns="http://www.loc.gov/MARC21/slim" xmlns:xsi="http://www.w3.org/2001/XMLSchema-instance" xsi:schemaLocation="http://www.loc.gov/MARC21/slim http://www.loc.gov/standards/marcxml/schema/MARC21slim.xsd"><leader>02852nam a2200577 c 4500</leader><controlfield tag="001">991000782039705502</controlfield><controlfield tag="005">20230116184251.0</controlfield><controlfield tag="008">201012s2010    fr ||||| |||| 00| ||fre d</controlfield><datafield ind1=" " ind2=" " tag="020"><subfield code="a">9782753512498</subfield></datafield><datafield ind1=" " ind2=" " tag="020"><subfield code="a">2753512493</subfield></datafield><datafield ind1="7" ind2=" " tag="024"><subfield code="a">http://catalogue.bnf.fr/ark:/12148/cb42340004g</subfield><subfield code="2">uri</subfield></datafield><datafield ind1=" " ind2=" " tag="035"><subfield code="a">(swissbib)240240812-41slsp_network</subfield></datafield><datafield ind1=" " ind2=" " tag="035"><subfield code="a">240240812</subfield><subfield code="9">ExL</subfield></datafield><datafield ind1=" " ind2=" " tag="035"><subfield code="a">(RERO)R005910716-41slsp</subfield></datafield><datafield ind1=" " ind2=" " tag="035"><subfield code="a">(IDSBB)005653017DSV01</subfield></datafield><datafield ind1=" " ind2=" " tag="035"><subfield code="a">(OCoLC)697594441</subfield></datafield><datafield ind1=" " ind2=" " tag="035"><subfield code="a">(EXLNZ-41SLSP_NETWORK)991072949899705501</subfield></datafield><datafield ind1=" " ind2=" " tag="040"><subfield code="a">RERO vshevs</subfield><subfield code="d">CH-ZuSLS</subfield></datafield><datafield ind1=" " ind2=" " tag="050"><subfield code="a">HG782</subfield><subfield code="b">.C85 2010</subfield></datafield><datafield ind1=" " ind2="7" tag="072"><subfield code="a">pe</subfield><subfield code="2">rero</subfield></datafield><datafield ind1=" " ind2="7" tag="072"><subfield code="a">et</subfield><subfield code="2">SzZuIDS BS/BE</subfield></datafield><datafield ind1="1" ind2="4" tag="082"><subfield code="a">300</subfield><subfield code="2">1</subfield></datafield><datafield ind1=" " ind2=" " tag="084"><subfield code="a">LB 43800</subfield><subfield code="2">rvk</subfield></datafield><datafield ind1="0" ind2="0" tag="245"><subfield code="a">Cultures enfantines</subfield><subfield code="b">universalité et diversité</subfield><subfield code="c">sous la direction d'Andy Arleo ... [et al.]</subfield></datafield><datafield ind1=" " ind2="1" tag="264"><subfield code="a">Rennes</subfield><subfield code="b">Presses universitaires de Rennes</subfield><subfield code="c">2010</subfield></datafield><datafield ind1=" " ind2=" " tag="300"><subfield code="a">464 p.</subfield><subfield code="b">ill.</subfield></datafield><datafield ind1=" " ind2=" " tag="336"><subfield code="b">txt</subfield><subfield code="2">rdacontent</subfield></datafield><datafield ind1=" " ind2=" " tag="337"><subfield code="b">n</subfield><subfield code="2">rdamedia</subfield></datafield><datafield ind1=" " ind2=" " tag="338"><subfield code="b">nc</subfield><subfield code="2">rdacarrier</subfield></datafield><datafield ind1="0" ind2=" " tag="490"><subfield code="a">Le sens social</subfield></datafield><datafield ind1=" " ind2=" " tag="504"><subfield code="a">Includes bibliographical references and index</subfield></datafield><datafield ind1="8" ind2=" " tag="520"><subfield code="a">C'est récemment que les chercheurs ont pris au sérieux les pratiques enfantines en tant qu'objet d'étude. En analysant des matériaux patiemment recueillis sur le terrain, ils ont démontré que ces activités sont d'une grande richesse sur le plan des techniques, des règles et des normes qu'elles supposent. Cet ouvrage est l'occasion de découvrir l'universalité et la diversité des cultures enfantines, en croisant les regards de 42 chercheurs provenant d'aires culturelles très diverses (Afrique, Amérique du Nord, Amérique du Sud, Europe et Océanie) et issus de plusieurs disciplines et professions : ethnologues, folkloristes, littéraires, linguistes, philosophes, psychologues, sociologues et professionnels spécialistes de l'enfance. (pur-editions.fr)</subfield><subfield code="5">RERO/njhep-/10.2012/3813</subfield></datafield><datafield ind1=" " ind2="7" tag="650"><subfield code="a">Culture</subfield><subfield code="0">(IDREF)027231429</subfield><subfield code="2">idref</subfield></datafield><datafield ind1=" " ind2="7" tag="650"><subfield code="a">approche transnationale</subfield><subfield code="0">(RERO)A011661419</subfield><subfield code="2">rerovoc</subfield></datafield><datafield ind1=" " ind2="7" tag="650"><subfield code="a">approche interdisciplinaire</subfield><subfield code="0">(RERO)A011253463</subfield><subfield code="2">rerovoc</subfield></datafield><datafield ind1=" " ind2="7" tag="650"><subfield code="a">Enfants</subfield><subfield code="0">(IDREF)027233278</subfield><subfield code="2">idref</subfield></datafield><datafield ind1=" " ind2="0" tag="650"><subfield code="a">Singing games</subfield></datafield><datafield ind1=" " ind2="0" tag="650"><subfield code="a">Rhyming games</subfield></datafield><datafield ind1=" " ind2="0" tag="650"><subfield code="a">Hand-clapping games</subfield></datafield><datafield ind1=" " ind2="0" tag="650"><subfield code="a">Child development</subfield></datafield><datafield ind1=" " ind2="0" tag="650"><subfield code="a">Games</subfield><subfield code="x">Psychological aspects</subfield></datafield><datafield ind1=" " ind2="0" tag="650"><subfield code="a">Amusements</subfield><subfield code="x">Psychological aspects</subfield></datafield><datafield ind1=" " ind2="7" tag="650"><subfield code="a">Kind</subfield><subfield code="0">(DE-588)4030550-8</subfield><subfield code="2">gnd</subfield></datafield><datafield ind1=" " ind2="7" tag="650"><subfield code="a">Kultur</subfield><subfield code="0">(DE-588)4125698-0</subfield><subfield code="2">gnd</subfield></datafield><datafield ind1=" " ind2="7" tag="650"><subfield code="a">Lebensbedingungen</subfield><subfield code="0">(DE-588)4130642-9</subfield><subfield code="2">gnd</subfield></datafield><datafield ind1=" " ind2="7" tag="655"><subfield code="a">Actes de congrès</subfield><subfield code="0">(IDREF)02886431X</subfield><subfield code="2">idref</subfield></datafield><datafield ind1=" " ind2="7" tag="655"><subfield code="a">Aufsatzsammlung</subfield><subfield code="2">gnd-content</subfield></datafield><datafield ind1="1" ind2=" " tag="700"><subfield code="6">880-02</subfield><subfield code="a">Arleo, Andy</subfield><subfield code="0">(DE-588)144021064</subfield></datafield><datafield ind1="1" ind2=" " tag="880"><subfield code="6">700-02</subfield><subfield code="a">Arleo, Andy</subfield><subfield code="0">(IDREF)029409837</subfield></datafield><datafield ind1="4" ind2=" " tag="856"><subfield code="3">Inhaltsverzeichnis</subfield><subfield code="u">http://www.ub.unibas.ch/tox/IDSBB/005653017/PDF</subfield><subfield code="q">pdf</subfield></datafield><datafield ind1=" " ind2=" " tag="900"><subfield code="a">REROnoselfmerge</subfield></datafield><datafield ind1=" " ind2=" " tag="949"><subfield code="a">http://www.ub.unibas.ch/tox/IDSBB/005653017/PDF</subfield></datafield></record>
</metadata></record>