<record><header><identifier>oai:alma.41SLSP_UGE:991000782769705502</identifier><datestamp>2024-03-22T01:22:02Z</datestamp><setSpec>uge_bcen_RapidILL_BOOK</setSpec><setSpec>uge_aaca_RapidILL_BOOK</setSpec><setSpec>uge_abels_RapidILL_BOOK</setSpec><setSpec>uge_dbu_RapidILL_BOOK</setSpec><setSpec>uge_cmu_RapidILL_BOOK</setSpec><setSpec>uge_mail_RapidILL_BOOK</setSpec><setSpec>uge_abbat_RapidILL_BOOK</setSpec><setSpec>UNIGE_ALL</setSpec><setSpec>uge_aobs_RapidILL_BOOK</setSpec><setSpec>uge_acar_RapidILL_BOOK</setSpec></header><metadata>
<record xmlns="http://www.loc.gov/MARC21/slim" xmlns:xsi="http://www.w3.org/2001/XMLSchema-instance" xsi:schemaLocation="http://www.loc.gov/MARC21/slim http://www.loc.gov/standards/marcxml/schema/MARC21slim.xsd"><leader>01790nam a2200313 c 4500</leader><controlfield tag="001">991000782769705502</controlfield><controlfield tag="005">20240321223809.0</controlfield><controlfield tag="008">190509q17581760xx            000 0 fre d</controlfield><datafield ind1=" " ind2=" " tag="035"><subfield code="a">(swissbib)12567564X-41slsp_network</subfield></datafield><datafield ind1=" " ind2=" " tag="035"><subfield code="a">12567564X</subfield><subfield code="9">ExL</subfield></datafield><datafield ind1=" " ind2=" " tag="035"><subfield code="a">(RERO)R008923541-41slsp</subfield></datafield><datafield ind1=" " ind2=" " tag="035"><subfield code="a">(EXLNZ-41SLSP_NETWORK)991022538989705501</subfield></datafield><datafield ind1=" " ind2=" " tag="040"><subfield code="a">GBVCP</subfield><subfield code="b">ger</subfield><subfield code="d">CH-ZuSLS</subfield></datafield><datafield ind1=" " ind2="7" tag="072"><subfield code="a">th</subfield><subfield code="2">rero</subfield></datafield><datafield ind1="1" ind2=" " tag="100"><subfield code="a">Ramier De Raudière, J.D.</subfield><subfield code="0">(RERO)A003725763</subfield><subfield code="4">aut</subfield></datafield><datafield ind1="1" ind2="0" tag="245"><subfield code="a">&lt;&lt;L'&gt;&gt;Ulissipeade</subfield><subfield code="b">poëme, ou les calamités de Lisbonne par le tremblement de terre, l'incendie &amp; le reflux excessif de la mer accompagné d'un Discours sur la cause naturelle de cet effrayant phoenomène</subfield><subfield code="c">par un spectateur de ce désastre ; suivi de L'archi-héros, admiré de tout l'univers dans la personne sacrée de Frédéric le Grand, roi de Prusse ; et quelqu'autres pièces fugitives du même auteur, où se trouve l'idée la plus juste du système des véritables franc-maçons ... aux dépens de l'auteur par qui chaque exemplaire sera signé</subfield></datafield><datafield ind1="1" ind2=" " tag="246"><subfield code="a">Muse protestante consacrée, aux partisans de la bonne cause</subfield></datafield><datafield ind1=" " ind2="1" tag="264"><subfield code="a">[Lieu de publication non identifié]</subfield><subfield code="b">Aux dépens de l'auteur</subfield><subfield code="c">[ca. 1760]</subfield></datafield><datafield ind1=" " ind2=" " tag="300"><subfield code="a">165 p.</subfield><subfield code="c">12°</subfield></datafield><datafield ind1=" " ind2=" " tag="336"><subfield code="b">txt</subfield><subfield code="2">rdacontent</subfield></datafield><datafield ind1=" " ind2=" " tag="337"><subfield code="b">n</subfield><subfield code="2">rdamedia</subfield></datafield><datafield ind1=" " ind2=" " tag="338"><subfield code="b">nc</subfield><subfield code="2">rdacarrier</subfield></datafield><datafield ind1=" " ind2=" " tag="500"><subfield code="a">Le faux titre porte : La Muse protestante consacrée aux partisans de la bonne cause</subfield></datafield><datafield ind1="3" ind2=" " tag="510"><subfield code="a">VD18 13821474</subfield></datafield><datafield ind1="0" ind2="7" tag="600"><subfield code="a">Frédéric</subfield><subfield code="b">II</subfield><subfield code="c">roi de Prusse</subfield><subfield code="d">1712-1786</subfield><subfield code="0">(IDREF)027405222</subfield><subfield code="2">idref</subfield></datafield><datafield ind1=" " ind2="7" tag="650"><subfield code="a">Séisme de Lisbonne (1755)</subfield><subfield code="0">(IDREF)088651533</subfield><subfield code="2">idref</subfield></datafield><datafield ind1=" " ind2="7" tag="650"><subfield code="a">Franc-maçonnerie</subfield><subfield code="0">(IDREF)027351157</subfield><subfield code="2">idref</subfield></datafield><datafield ind1="4" ind2="1" tag="856"><subfield code="3">Texte intégral</subfield><subfield code="u">http://books.google.com/books?vid=KBNL:KBNL03000126257</subfield></datafield><datafield ind1=" " ind2=" " tag="900"><subfield code="a">REROswissbibnomerge</subfield></datafield><datafield ind1=" " ind2=" " tag="910"><subfield code="a">OCoLC</subfield><subfield code="b">20190509</subfield><subfield code="c">Réutilisation sous conditions: Licence ODC-BY</subfield></datafield><datafield ind1=" " ind2=" " tag="993"><subfield code="a">MHR Qa 60</subfield><subfield code="x">ge/mhr-/9755</subfield><subfield code="9">LOCAL</subfield></datafield></record>
</metadata></record>