<record><header><identifier>oai:alma.41SLSP_UGE:991000782659705502</identifier><datestamp>2023-11-25T02:54:43Z</datestamp><setSpec>uge_bcen_RapidILL_BOOK</setSpec><setSpec>uge_aaca_RapidILL_BOOK</setSpec><setSpec>uge_abels_RapidILL_BOOK</setSpec><setSpec>uge_dbu_RapidILL_BOOK</setSpec><setSpec>uge_cmu_RapidILL_BOOK</setSpec><setSpec>uge_mail_RapidILL_BOOK</setSpec><setSpec>uge_abbat_RapidILL_BOOK</setSpec><setSpec>UNIGE_ALL</setSpec><setSpec>uge_acar_RapidILL_BOOK</setSpec><setSpec>uge_aobs_RapidILL_BOOK</setSpec></header><metadata>
<record xmlns="http://www.loc.gov/MARC21/slim" xmlns:xsi="http://www.w3.org/2001/XMLSchema-instance" xsi:schemaLocation="http://www.loc.gov/MARC21/slim http://www.loc.gov/standards/marcxml/schema/MARC21slim.xsd"><leader>03240nam a2200661 c 4500</leader><controlfield tag="001">991000782659705502</controlfield><controlfield tag="005">20230619102653.0</controlfield><controlfield tag="008">201011s2006    sz ||||| |||| 00| ||fre d</controlfield><datafield ind1=" " ind2=" " tag="020"><subfield code="a">297003381X</subfield></datafield><datafield ind1=" " ind2=" " tag="035"><subfield code="a">(swissbib)22631569X-41slsp_network</subfield></datafield><datafield ind1=" " ind2=" " tag="035"><subfield code="a">22631569X</subfield><subfield code="9">ExL</subfield></datafield><datafield ind1=" " ind2=" " tag="035"><subfield code="a">(RERO)R004137572-41slsp</subfield></datafield><datafield ind1=" " ind2=" " tag="035"><subfield code="a">(NEBIS)005235400EBI01</subfield></datafield><datafield ind1=" " ind2=" " tag="035"><subfield code="a">(IDSBB)003923493DSV01</subfield></datafield><datafield ind1=" " ind2=" " tag="035"><subfield code="a">(SLB)vtls001465069</subfield></datafield><datafield ind1=" " ind2=" " tag="035"><subfield code="a">(ALEX)bv9925808486101791</subfield></datafield><datafield ind1=" " ind2=" " tag="035"><subfield code="a">(EXLNZ-41SLSP_NETWORK)991005023429705501</subfield></datafield><datafield ind1=" " ind2=" " tag="040"><subfield code="a">RERO geuth-</subfield><subfield code="d">CH-ZuSLS</subfield></datafield><datafield ind1=" " ind2=" " tag="044"><subfield code="a">sz</subfield><subfield code="c">ch-ju</subfield></datafield><datafield ind1=" " ind2="7" tag="072"><subfield code="a">th</subfield><subfield code="2">rero</subfield></datafield><datafield ind1=" " ind2="7" tag="072"><subfield code="a">sg</subfield><subfield code="2">SzZuIDS BS/BE</subfield></datafield><datafield ind1="7" ind2="4" tag="082"><subfield code="a">230</subfield><subfield code="2">23sdnb</subfield></datafield><datafield ind1="1" ind2="4" tag="082"><subfield code="a">949.4</subfield><subfield code="2">15</subfield></datafield><datafield ind1="0" ind2="0" tag="245"><subfield code="a">Pro Deo</subfield><subfield code="b">l'ancien Evêché de Bâle du IVe au XVIe siècle</subfield><subfield code="c">éd. par Jean-Claude Rebetez ; en collab. avec Jürg Tauber... [et al.]</subfield></datafield><datafield ind1="1" ind2=" " tag="246"><subfield code="a">ProDeo</subfield><subfield code="b">l'ancien Evêché de Bâle du IVe au XVIe siècle</subfield></datafield><datafield ind1=" " ind2="1" tag="264"><subfield code="a">Porrentruy</subfield><subfield code="b">Fondation des Archives de l'ancien Evêché de Bâle</subfield><subfield code="c">2006</subfield></datafield><datafield ind1=" " ind2=" " tag="300"><subfield code="a">357 p.</subfield><subfield code="b">ill.</subfield><subfield code="c">31 cm</subfield></datafield><datafield ind1=" " ind2=" " tag="336"><subfield code="b">txt</subfield><subfield code="2">rdacontent</subfield></datafield><datafield ind1=" " ind2=" " tag="337"><subfield code="b">n</subfield><subfield code="2">rdamedia</subfield></datafield><datafield ind1=" " ind2=" " tag="338"><subfield code="b">nc</subfield><subfield code="2">rdacarrier</subfield></datafield><datafield ind1=" " ind2=" " tag="500"><subfield code="a">Titre de couv.: ProDeo : l'ancien Evêché de Bâle du IVe au XVIe siècle</subfield></datafield><datafield ind1=" " ind2=" " tag="500"><subfield code="a">A également collaboré: Damien Bregnard</subfield></datafield><datafield ind1=" " ind2=" " tag="500"><subfield code="a">Accompagne les quatre expositions présentées en 2006: &quot;Sous les auspices de l'Eglise&quot; (Museum Kleines Klingental, Bâle); &quot;Être de chair et de ciel&quot; (Musée jurassien d'art et d'histoire, Delémont); &quot;Fêter, vivre, prier&quot; (Musée de l'Hôtel-Dieu, Porrentruy), &quot;L'hérésie sous la crosse&quot; (Musée Neuhaus, Bienne)</subfield></datafield><datafield ind1="2" ind2="7" tag="610"><subfield code="a">Archives de l'ancien Evêché de Bâle (Porrentruy)</subfield><subfield code="0">(RERO)A010084134</subfield><subfield code="2">rero</subfield></datafield><datafield ind1=" " ind2="7" tag="651"><subfield code="a">Hochstift Basel</subfield><subfield code="2">gnd</subfield><subfield code="0">(DE-588)4080275-9</subfield></datafield><datafield ind1=" " ind2="7" tag="650"><subfield code="a">christianisme - diffusion</subfield><subfield code="0">(RERO)A010064662</subfield><subfield code="2">rerovoc</subfield></datafield><datafield ind1=" " ind2="7" tag="650"><subfield code="a">4e siècle-16e siècle</subfield><subfield code="2">idref</subfield></datafield><datafield ind1=" " ind2="7" tag="650"><subfield code="a">Christianisme</subfield><subfield code="0">(IDREF)027229955</subfield><subfield code="2">idref</subfield></datafield><datafield ind1=" " ind2="7" tag="650"><subfield code="a">KLÖSTER + ABTEIEN + KONVENTE (ARCHITEKTUR)</subfield><subfield code="9">ger</subfield><subfield code="0">(ETHUDK)000035665</subfield><subfield code="2">ethudk</subfield></datafield><datafield ind1=" " ind2="7" tag="650"><subfield code="a">KULTURGESCHICHTE</subfield><subfield code="9">ger</subfield><subfield code="0">(ETHUDK)000036824</subfield><subfield code="2">ethudk</subfield></datafield><datafield ind1=" " ind2="7" tag="650"><subfield code="a">RELIGIONSGESCHICHTE (THEOLOGIE)</subfield><subfield code="9">ger</subfield><subfield code="0">(ETHUDK)000041639</subfield><subfield code="2">ethudk</subfield></datafield><datafield ind1=" " ind2="7" tag="650"><subfield code="a">STADTGESCHICHTE</subfield><subfield code="9">ger</subfield><subfield code="0">(ETHUDK)000036650</subfield><subfield code="2">ethudk</subfield></datafield><datafield ind1=" " ind2="7" tag="651"><subfield code="a">Bâle (Principauté ecclésiastique)</subfield><subfield code="0">(IDREF)028567005</subfield><subfield code="2">idref</subfield></datafield><datafield ind1=" " ind2="7" tag="651"><subfield code="a">Bâle (Suisse ; région)</subfield><subfield code="0">(IDREF)028706536</subfield><subfield code="2">idref</subfield></datafield><datafield ind1=" " ind2="7" tag="651"><subfield code="a">Bâle (Suisse, diocèse)</subfield><subfield code="0">(RERO)A010048455</subfield><subfield code="2">rero</subfield></datafield><datafield ind1=" " ind2="7" tag="651"><subfield code="a">Basel (Bistum)</subfield><subfield code="y">Geschichte</subfield><subfield code="2">idsbb</subfield></datafield><datafield ind1=" " ind2="7" tag="655"><subfield code="a">Catalogues d'exposition</subfield><subfield code="0">(IDREF)027320456</subfield><subfield code="2">idref</subfield></datafield><datafield ind1=" " ind2="7" tag="655"><subfield code="a">Ausstellungskatalog</subfield><subfield code="y">2006</subfield><subfield code="2">gnd-content</subfield></datafield><datafield ind1=" " ind2=" " tag="690"><subfield code="a">Basel (Fürstbistum), Mittelalter</subfield><subfield code="2">ube-BC</subfield></datafield><datafield ind1=" " ind2=" " tag="690"><subfield code="a">Basel (Fürstbistum), Allgemeines, Geschichte</subfield><subfield code="2">ube-BC</subfield></datafield><datafield ind1=" " ind2=" " tag="690"><subfield code="a">Basel (Bistum), Mittelalter</subfield><subfield code="2">ube-BC</subfield></datafield><datafield ind1=" " ind2=" " tag="690"><subfield code="a">Basel Bistum</subfield><subfield code="2">bsb-BB</subfield></datafield><datafield ind1=" " ind2=" " tag="690"><subfield code="a">Basel Fürstbistum</subfield><subfield code="2">bsb-BB</subfield></datafield><datafield ind1="1" ind2=" " tag="700"><subfield code="6">880-05</subfield><subfield code="a">Bregnard, Damien </subfield><subfield code="d">1969-</subfield><subfield code="0">(IDREF)075061406</subfield></datafield><datafield ind1="1" ind2=" " tag="880"><subfield code="6">700-05/(B</subfield><subfield code="a">Bregnard, Damien</subfield><subfield code="d">1969-</subfield><subfield code="0">(DE-588)123739128</subfield></datafield><datafield ind1="1" ind2=" " tag="700"><subfield code="6">880-06</subfield><subfield code="a">Tauber, Jürg</subfield><subfield code="d">1949-....</subfield><subfield code="0">(IDREF)07995510X</subfield></datafield><datafield ind1="1" ind2=" " tag="880"><subfield code="6">700-06/(B</subfield><subfield code="a">Tauber, Jürg</subfield><subfield code="d">1949-</subfield><subfield code="0">(DE-588)101281534X</subfield></datafield><datafield ind1="1" ind2=" " tag="700"><subfield code="6">880-04</subfield><subfield code="a">Rebetez, Jean-Claude</subfield><subfield code="d">1963-</subfield><subfield code="0">(DE-588)1100083502</subfield></datafield><datafield ind1="1" ind2=" " tag="880"><subfield code="6">700-04</subfield><subfield code="a">Rebetez, Jean-Claude</subfield><subfield code="d">1963-....</subfield><subfield code="0">(IDREF)085465801</subfield></datafield><datafield ind1=" " ind2=" " tag="900"><subfield code="a">REROnoselfmerge</subfield></datafield><datafield ind1=" " ind2=" " tag="993"><subfield code="a">IHR L 1514</subfield><subfield code="x">ge/uihr/4592</subfield><subfield code="9">LOCAL</subfield></datafield></record>
</metadata></record>