<record><header><identifier>oai:alma.41SLSP_UGE:991000782139705502</identifier><datestamp>2023-05-28T00:14:08Z</datestamp><setSpec>uge_bcen_RapidILL_BOOK</setSpec><setSpec>uge_aaca_RapidILL_BOOK</setSpec><setSpec>uge_abels_RapidILL_BOOK</setSpec><setSpec>uge_dbu_RapidILL_BOOK</setSpec><setSpec>uge_cmu_RapidILL_BOOK</setSpec><setSpec>uge_mail_RapidILL_BOOK</setSpec><setSpec>uge_abbat_RapidILL_BOOK</setSpec><setSpec>UNIGE_ALL</setSpec><setSpec>uge_acar_RapidILL_BOOK</setSpec><setSpec>uge_aobs_RapidILL_BOOK</setSpec></header><metadata>
<record xmlns="http://www.loc.gov/MARC21/slim" xmlns:xsi="http://www.w3.org/2001/XMLSchema-instance" xsi:schemaLocation="http://www.loc.gov/MARC21/slim http://www.loc.gov/standards/marcxml/schema/MARC21slim.xsd"><leader>02500nam a2200481 c 4500</leader><controlfield tag="001">991000782139705502</controlfield><controlfield tag="005">20230303212508.0</controlfield><controlfield tag="008">201012s2013    gw ||||| |||| 10| ||eng d</controlfield><datafield ind1=" " ind2=" " tag="020"><subfield code="a">9783642402845</subfield><subfield code="q">Part 1</subfield></datafield><datafield ind1=" " ind2=" " tag="020"><subfield code="a">9783642401725</subfield><subfield code="q">Part 2</subfield></datafield><datafield ind1=" " ind2=" " tag="020"><subfield code="a">9783642402852</subfield><subfield code="q">online, part 1</subfield></datafield><datafield ind1=" " ind2=" " tag="020"><subfield code="a">9783642401732</subfield><subfield code="q">online, part 2</subfield></datafield><datafield ind1=" " ind2=" " tag="035"><subfield code="a">(swissbib)240435907-41slsp_network</subfield></datafield><datafield ind1=" " ind2=" " tag="035"><subfield code="a">240435907</subfield><subfield code="9">ExL</subfield></datafield><datafield ind1=" " ind2=" " tag="035"><subfield code="a">(RERO)R007557448-41slsp</subfield></datafield><datafield ind1=" " ind2=" " tag="035"><subfield code="a">(NEBIS)009960748EBI01</subfield></datafield><datafield ind1=" " ind2=" " tag="035"><subfield code="a">(EXLNZ-41SLSP_NETWORK)991144950229705501</subfield></datafield><datafield ind1=" " ind2=" " tag="040"><subfield code="a">RERO geucui</subfield><subfield code="d">CH-ZuSLS</subfield></datafield><datafield ind1=" " ind2="7" tag="072"><subfield code="a">in</subfield><subfield code="2">rero</subfield></datafield><datafield ind1="0" ind2="0" tag="245"><subfield code="a">Database and expert systems applications</subfield><subfield code="b">24th international conference, DEXA 2013, Prague, Czech Republic, August 26-29, 2013 : proceedings</subfield><subfield code="c">Kim Viborg Andersen, John Debenham, Roland Wagner, (eds.)</subfield></datafield><datafield ind1="1" ind2=" " tag="246"><subfield code="a">DEXA 2013</subfield></datafield><datafield ind1=" " ind2="1" tag="264"><subfield code="a">Berlin</subfield><subfield code="b">Springer</subfield><subfield code="c">2013</subfield></datafield><datafield ind1=" " ind2=" " tag="300"><subfield code="a">2 vol. (465, 477 p.)</subfield><subfield code="b">ill.</subfield></datafield><datafield ind1=" " ind2=" " tag="336"><subfield code="b">txt</subfield><subfield code="2">rdacontent</subfield></datafield><datafield ind1=" " ind2=" " tag="337"><subfield code="b">n</subfield><subfield code="2">rdamedia</subfield></datafield><datafield ind1=" " ind2=" " tag="338"><subfield code="b">nc</subfield><subfield code="2">rdacarrier</subfield></datafield><datafield ind1="1" ind2=" " tag="490"><subfield code="a">Information systems and application, incl. Internet/Web and HCI. Sublibrary of Lecture notes in computer science</subfield><subfield code="v">8055-8056</subfield></datafield><datafield ind1=" " ind2=" " tag="500"><subfield code="a">Variante du titre: DEXA 2013</subfield></datafield><datafield ind1=" " ind2="7" tag="650"><subfield code="a">Bases de données</subfield><subfield code="0">(IDREF)027220842</subfield><subfield code="2">idref</subfield></datafield><datafield ind1=" " ind2="7" tag="650"><subfield code="a">Systèmes experts (informatique)</subfield><subfield code="0">(IDREF)027675394</subfield><subfield code="2">idref</subfield></datafield><datafield ind1=" " ind2="7" tag="650"><subfield code="a">DATENBANKEN (INFORMATIONSSYSTEME)</subfield><subfield code="9">ger</subfield><subfield code="0">(ETHUDK)000013727</subfield><subfield code="2">ethudk</subfield></datafield><datafield ind1=" " ind2="7" tag="650"><subfield code="a">DATENBANKVERWALTUNGSSYSTEME (INFORMATIONSSYSTEME)</subfield><subfield code="9">ger</subfield><subfield code="0">(ETHUDK)000013764</subfield><subfield code="2">ethudk</subfield></datafield><datafield ind1=" " ind2="7" tag="650"><subfield code="a">EXPERTENSYSTEME + WISSENSBASIERTE SYSTEME (KÜNSTLICHE INTELLIGENZ)</subfield><subfield code="9">ger</subfield><subfield code="0">(ETHUDK)000013752</subfield><subfield code="2">ethudk</subfield></datafield><datafield ind1=" " ind2="7" tag="650"><subfield code="a">INFORMATION ENGINEERING + DATENBANKENTWURF (INFORMATIONSSYSTEME)</subfield><subfield code="9">ger</subfield><subfield code="0">(ETHUDK)000046195</subfield><subfield code="2">ethudk</subfield></datafield><datafield ind1=" " ind2="7" tag="655"><subfield code="a">Actes de congrès</subfield><subfield code="0">(IDREF)02886431X</subfield><subfield code="2">idref</subfield></datafield><datafield ind1=" " ind2="7" tag="655"><subfield code="a">Konferenzschrift</subfield><subfield code="z">Praha</subfield><subfield code="y">2013</subfield><subfield code="2">gnd-content</subfield></datafield><datafield ind1="1" ind2=" " tag="700"><subfield code="a">Decker, Hendrik</subfield><subfield code="c">auteur en informatique</subfield><subfield code="d">19..-....</subfield><subfield code="0">(IDREF)176043551</subfield></datafield><datafield ind1="2" ind2=" " tag="711"><subfield code="a">International Conference on Database and Expert Systems Applications</subfield><subfield code="0">(DE-588)1091936943</subfield></datafield><datafield ind1="2" ind2=" " tag="711"><subfield code="a">International Conference on Database and Expert Systems Applications</subfield><subfield code="n">24</subfield><subfield code="d">2013</subfield><subfield code="c">Praha</subfield><subfield code="0">(RERO)A023919936</subfield></datafield><datafield ind1="4" ind2=" " tag="856"><subfield code="3">Titelblatt und Inhaltsverzeichnis</subfield><subfield code="u">https://toc.library.ethz.ch/objects/pdf03/e01_978-3-642-40284-5_01.pdf</subfield><subfield code="q">pdf</subfield></datafield><datafield ind1=" " ind2="0" tag="830"><subfield code="a">Lecture notes in computer science</subfield><subfield code="n">7000 (2011) -</subfield><subfield code="v">8055-8056</subfield><subfield code="w">(NEBIS)007342601EBI01</subfield></datafield><datafield ind1=" " ind2="0" tag="830"><subfield code="a">Lecture notes in computer science</subfield><subfield code="v">8055-8056</subfield><subfield code="w">(RERO)0078255-41slsp</subfield></datafield><datafield ind1=" " ind2=" " tag="900"><subfield code="a">REROnoselfmerge</subfield></datafield><datafield ind1=" " ind2=" " tag="949"><subfield code="a">https://toc.library.ethz.ch/objects/pdf03/e01_978-3-642-40284-5_01.pdf</subfield></datafield></record>
</metadata></record>