<record><header><identifier>oai:alma.41SLSP_UGE:991000782489705502</identifier><datestamp>2023-03-01T01:09:43Z</datestamp><setSpec>uge_bcen_RapidILL_BOOK</setSpec><setSpec>uge_aaca_RapidILL_BOOK</setSpec><setSpec>uge_abels_RapidILL_BOOK</setSpec><setSpec>uge_dbu_RapidILL_BOOK</setSpec><setSpec>uge_cmu_RapidILL_BOOK</setSpec><setSpec>uge_mail_RapidILL_BOOK</setSpec><setSpec>UNIGE_ALL</setSpec><setSpec>uge_abbat_RapidILL_BOOK</setSpec><setSpec>uge_aobs_RapidILL_BOOK</setSpec><setSpec>uge_acar_RapidILL_BOOK</setSpec></header><metadata>
<record xmlns="http://www.loc.gov/MARC21/slim" xmlns:xsi="http://www.w3.org/2001/XMLSchema-instance" xsi:schemaLocation="http://www.loc.gov/MARC21/slim http://www.loc.gov/standards/marcxml/schema/MARC21slim.xsd"><leader>01419nam a2200337uc 4500</leader><controlfield tag="001">991000782489705502</controlfield><controlfield tag="005">20230115201512.0</controlfield><controlfield tag="008">201012s1987    xxk           00| | eng|d</controlfield><datafield ind1=" " ind2=" " tag="020"><subfield code="a">058240911X</subfield></datafield><datafield ind1=" " ind2=" " tag="035"><subfield code="a">(swissbib)232707561-41slsp_network</subfield></datafield><datafield ind1=" " ind2=" " tag="035"><subfield code="a">232707561</subfield><subfield code="9">ExL</subfield></datafield><datafield ind1=" " ind2=" " tag="035"><subfield code="a">(NEBIS)000392343EBI01</subfield></datafield><datafield ind1=" " ind2=" " tag="035"><subfield code="a">(RERO)1055213-41slsp</subfield></datafield><datafield ind1=" " ind2=" " tag="035"><subfield code="a">(EXLNZ-41SLSP_NETWORK)991000056409705501</subfield></datafield><datafield ind1=" " ind2=" " tag="040"><subfield code="a">ETH-BIB</subfield><subfield code="b">ger</subfield><subfield code="e">ETHICS-ISBD</subfield><subfield code="d">CH-ZuSLS</subfield></datafield><datafield ind1=" " ind2="7" tag="072"><subfield code="a">bi</subfield><subfield code="2">rero</subfield></datafield><datafield ind1="0" ind2="0" tag="245"><subfield code="a">&lt;&lt;The&gt;&gt; UFAW handbook on the care and management of laboratory animals</subfield><subfield code="c">ed. for UFAW by Trevor B. Poole; ed. assist.: Ruth Robinson</subfield></datafield><datafield ind1="1" ind2=" " tag="246"><subfield code="a">HANDBOOK of the CARE AND MANAGEMENT of LABORATORY ANIMALS</subfield></datafield><datafield ind1=" " ind2=" " tag="250"><subfield code="a">6th ed.</subfield></datafield><datafield ind1=" " ind2="1" tag="264"><subfield code="a">Harlow</subfield><subfield code="b">Longman Scientific &amp; Technical</subfield><subfield code="c">1987</subfield></datafield><datafield ind1=" " ind2=" " tag="300"><subfield code="a">X, 933 p.</subfield><subfield code="c">26 cm</subfield><subfield code="b">ill.; fig.; tab.</subfield></datafield><datafield ind1=" " ind2=" " tag="336"><subfield code="b">txt</subfield><subfield code="2">rdacontent</subfield></datafield><datafield ind1=" " ind2=" " tag="337"><subfield code="b">n</subfield><subfield code="2">rdamedia</subfield></datafield><datafield ind1=" " ind2=" " tag="338"><subfield code="b">nc</subfield><subfield code="2">rdacarrier</subfield></datafield><datafield ind1=" " ind2="2" tag="650"><subfield code="a">Animals, Laboratory</subfield><subfield code="0">(DNLM)D000830</subfield></datafield><datafield ind1=" " ind2="7" tag="650"><subfield code="a">FACHLICHE NACHSCHLAGEWERKE + FACHLEXIKA + HANDBÜCHER (DOKUMENTENTYP)</subfield><subfield code="9">ger</subfield><subfield code="0">(ETHUDK)000009236</subfield><subfield code="2">ethudk</subfield></datafield><datafield ind1=" " ind2="7" tag="650"><subfield code="a">VERSUCHSTIERE + VERSUCHSTIERZUCHT</subfield><subfield code="9">ger</subfield><subfield code="0">(ETHUDK)000024277</subfield><subfield code="2">ethudk</subfield></datafield><datafield ind1=" " ind2="7" tag="650"><subfield code="a">animal de laboratoire - élevage</subfield><subfield code="0">(RERO)A010043226</subfield><subfield code="2">rerovoc</subfield></datafield><datafield ind1=" " ind2="7" tag="655"><subfield code="a">Manuels d'enseignement</subfield><subfield code="0">(IDREF)027446514</subfield><subfield code="2">idref</subfield></datafield><datafield ind1="1" ind2=" " tag="700"><subfield code="a">Poole, Trevor B</subfield><subfield code="d">1931-....</subfield><subfield code="0">(IDREF)032262515</subfield></datafield><datafield ind1="2" ind2=" " tag="710"><subfield code="a">Universities Federation for Animal Welfare</subfield><subfield code="0">(DE-588)669826-8</subfield></datafield><datafield ind1=" " ind2=" " tag="900"><subfield code="a">REROnoselfmerge</subfield></datafield></record>
</metadata></record>