<record><header><identifier>oai:alma.41SLSP_UGE:991000782079705502</identifier><datestamp>2023-03-01T01:09:43Z</datestamp><setSpec>uge_bcen_RapidILL_BOOK</setSpec><setSpec>uge_aaca_RapidILL_BOOK</setSpec><setSpec>uge_abels_RapidILL_BOOK</setSpec><setSpec>uge_dbu_RapidILL_BOOK</setSpec><setSpec>uge_cmu_RapidILL_BOOK</setSpec><setSpec>uge_mail_RapidILL_BOOK</setSpec><setSpec>UNIGE_ALL</setSpec><setSpec>uge_abbat_RapidILL_BOOK</setSpec><setSpec>uge_aobs_RapidILL_BOOK</setSpec><setSpec>uge_acar_RapidILL_BOOK</setSpec></header><metadata>
<record xmlns="http://www.loc.gov/MARC21/slim" xmlns:xsi="http://www.w3.org/2001/XMLSchema-instance" xsi:schemaLocation="http://www.loc.gov/MARC21/slim http://www.loc.gov/standards/marcxml/schema/MARC21slim.xsd"><leader>01560nam a2200397 c 4500</leader><controlfield tag="001">991000782079705502</controlfield><controlfield tag="005">20230122170638.0</controlfield><controlfield tag="008">081020s2008    fr ||||| |||| 00| ||fre d</controlfield><datafield ind1=" " ind2=" " tag="020"><subfield code="a">9782070618699</subfield></datafield><datafield ind1=" " ind2=" " tag="035"><subfield code="a">(swissbib)107262584-41slsp_network</subfield></datafield><datafield ind1=" " ind2=" " tag="035"><subfield code="a">107262584</subfield><subfield code="9">ExL</subfield></datafield><datafield ind1=" " ind2=" " tag="035"><subfield code="a">(RERO)R004848859-41slsp</subfield></datafield><datafield ind1=" " ind2=" " tag="035"><subfield code="a">(EXLNZ-41SLSP_NETWORK)991146476949705501</subfield></datafield><datafield ind1=" " ind2=" " tag="040"><subfield code="a">RERO geucds</subfield><subfield code="d">CH-ZuSLS</subfield></datafield><datafield ind1=" " ind2="7" tag="072"><subfield code="a">fr</subfield><subfield code="2">rero</subfield></datafield><datafield ind1="1" ind2=" " tag="080"><subfield code="a">E D</subfield></datafield><datafield ind1="1" ind2=" " tag="080"><subfield code="a">392.35 DOL</subfield></datafield><datafield ind1="1" ind2=" " tag="100"><subfield code="a">Dolto-Tolitch, Catherine</subfield><subfield code="d">1946-....</subfield><subfield code="0">(IDREF)026833964</subfield><subfield code="4">cre</subfield></datafield><datafield ind1="1" ind2="0" tag="245"><subfield code="a">On s'est adoptés</subfield><subfield code="c">textes Catherine Dolto et Colline Faure-Poirée ; ill. Frédérick Mansot</subfield></datafield><datafield ind1=" " ind2="1" tag="264"><subfield code="a">[Paris]</subfield><subfield code="b">Gallimard jeunesse-Giboulées</subfield><subfield code="c">2008</subfield></datafield><datafield ind1=" " ind2=" " tag="300"><subfield code="a">1 vol. (non paginé)</subfield><subfield code="b">ill.</subfield><subfield code="c">18 cm</subfield></datafield><datafield ind1=" " ind2=" " tag="336"><subfield code="b">txt</subfield><subfield code="2">rdacontent</subfield></datafield><datafield ind1=" " ind2=" " tag="337"><subfield code="b">n</subfield><subfield code="2">rdamedia</subfield></datafield><datafield ind1=" " ind2=" " tag="338"><subfield code="b">nc</subfield><subfield code="2">rdacarrier</subfield></datafield><datafield ind1=" " ind2=" " tag="385"><subfield code="a">Enfants (3-6 ans)</subfield><subfield code="2">rero</subfield></datafield><datafield ind1="1" ind2=" " tag="490"><subfield code="a">Dr Catherine Dolto-Tolitch</subfield><subfield code="v">13</subfield></datafield><datafield ind1="1" ind2=" " tag="490"><subfield code="a">Mine de rien</subfield><subfield code="v">13</subfield></datafield><datafield ind1="8" ind2=" " tag="520"><subfield code="a">Mine de rien, même si ce n'est pas toujours facile à vivre, l'adoption est une très belle aventure !</subfield><subfield code="5">RERO/vdcopp/01.2015</subfield></datafield><datafield ind1=" " ind2="7" tag="650"><subfield code="a">Adoption</subfield><subfield code="0">(IDREF)02766032X</subfield><subfield code="2">idref</subfield></datafield><datafield ind1=" " ind2="7" tag="650"><subfield code="a">Enfants</subfield><subfield code="0">(IDREF)027233278</subfield><subfield code="2">idref</subfield></datafield><datafield ind1=" " ind2="7" tag="655"><subfield code="a">[document]</subfield><subfield code="2">rerovoc</subfield><subfield code="0">(RERO)A010182398</subfield></datafield><datafield ind1=" " ind2="7" tag="655"><subfield code="a">Ouvrages pour la jeunesse</subfield><subfield code="0">(IDREF)028626931</subfield><subfield code="2">idref</subfield></datafield><datafield ind1="1" ind2=" " tag="700"><subfield code="a">Faure-Poirée, Colline</subfield><subfield code="0">(IDREF)027077195</subfield></datafield><datafield ind1="1" ind2=" " tag="700"><subfield code="a">Mansot, Frédérick</subfield><subfield code="d">1967-....</subfield><subfield code="0">(IDREF)031040187</subfield></datafield><datafield ind1=" " ind2="0" tag="830"><subfield code="a">Mine de rien</subfield><subfield code="p">Gallimard jeunesse-Giboulées</subfield><subfield code="v">13</subfield></datafield><datafield ind1=" " ind2=" " tag="830"><subfield code="a">Dr Catherine Dolto-Tolitch</subfield><subfield code="v">13</subfield><subfield code="w">(RERO)R279872460-41slsp</subfield></datafield><datafield ind1=" " ind2=" " tag="900"><subfield code="a">REROnoselfmerge</subfield></datafield></record>
</metadata></record>