<record><header><identifier>oai:alma.41SLSP_UGE:991000781969705502</identifier><datestamp>2023-03-01T01:09:43Z</datestamp><setSpec>uge_cmu_RapidILL_JOURNAL</setSpec><setSpec>uge_aobs_RapidILL_JOURNAL</setSpec><setSpec>uge_aaca_RapidILL_JOURNAL</setSpec><setSpec>uge_bcen_RapidILL_JOURNAL</setSpec><setSpec>uge_abbat_RapidILL_JOURNAL</setSpec><setSpec>uge_mail_RapidILL_JOURNAL</setSpec><setSpec>uge_dbu_RapidILL_JOURNAL</setSpec><setSpec>UNIGE_ALL</setSpec><setSpec>uge_abels_RapidILL_JOURNAL</setSpec><setSpec>uge_acar_RapidILL_JOURNAL</setSpec></header><metadata>
<record xmlns="http://www.loc.gov/MARC21/slim" xmlns:xsi="http://www.w3.org/2001/XMLSchema-instance" xsi:schemaLocation="http://www.loc.gov/MARC21/slim http://www.loc.gov/standards/marcxml/schema/MARC21slim.xsd"><leader>01280nas a2200409uc 4500</leader><controlfield tag="001">991000781969705502</controlfield><controlfield tag="005">20220301100819.0</controlfield><controlfield tag="008">201011c19809999xxu | p       0    |eng d</controlfield><datafield ind1=" " ind2=" " tag="022"><subfield code="y">1521-0499</subfield></datafield><datafield ind1=" " ind2=" " tag="022"><subfield code="a">0190-2148</subfield></datafield><datafield ind1=" " ind2=" " tag="035"><subfield code="a">(swissbib)212014439-41slsp_network</subfield></datafield><datafield ind1=" " ind2=" " tag="035"><subfield code="a">212014439</subfield><subfield code="9">ExL</subfield></datafield><datafield ind1=" " ind2=" " tag="035"><subfield code="a">(IDSBB)000155823DSV01</subfield></datafield><datafield ind1=" " ind2=" " tag="035"><subfield code="a">(RERO)0713549-41slsp</subfield></datafield><datafield ind1=" " ind2=" " tag="035"><subfield code="a">(EXLNZ-41SLSP_NETWORK)991074548199705501</subfield></datafield><datafield ind1=" " ind2=" " tag="040"><subfield code="a">SzZuIDS BS/BE A140</subfield><subfield code="e">kids</subfield><subfield code="d">CH-ZuSLS</subfield></datafield><datafield ind1=" " ind2="7" tag="072"><subfield code="a">me</subfield><subfield code="2">SzZuIDS BS/BE</subfield></datafield><datafield ind1=" " ind2="7" tag="072"><subfield code="a">me</subfield><subfield code="2">rero</subfield></datafield><datafield ind1="1" ind2="4" tag="082"><subfield code="a">610</subfield><subfield code="2">15</subfield></datafield><datafield ind1="0" ind2="0" tag="245"><subfield code="a">Experimental lung research</subfield></datafield><datafield ind1="1" ind2="3" tag="246"><subfield code="a">Exp-Lung-Res</subfield></datafield><datafield ind1=" " ind2="1" tag="264"><subfield code="a">New York</subfield><subfield code="b">Informa Healthcare</subfield></datafield><datafield ind1=" " ind2=" " tag="310"><subfield code="a">10x/year</subfield></datafield><datafield ind1=" " ind2=" " tag="336"><subfield code="b">txt</subfield><subfield code="2">rdacontent</subfield></datafield><datafield ind1=" " ind2=" " tag="337"><subfield code="b">n</subfield><subfield code="2">rdamedia</subfield></datafield><datafield ind1=" " ind2=" " tag="338"><subfield code="b">nc</subfield><subfield code="2">rdacarrier</subfield></datafield><datafield ind1="0" ind2=" " tag="362"><subfield code="a">Vol. 1(1980)-</subfield></datafield><datafield ind1=" " ind2="7" tag="650"><subfield code="a">Lunge</subfield><subfield code="v">Zeitschrift</subfield><subfield code="2">idsbb</subfield></datafield><datafield ind1=" " ind2="2" tag="650"><subfield code="a">Lung Diseases</subfield><subfield code="0">(DNLM)D008171</subfield></datafield><datafield ind1=" " ind2="2" tag="650"><subfield code="a">Lung</subfield><subfield code="x">physiology</subfield><subfield code="0">(DNLM)D008168Q000502</subfield></datafield><datafield ind1=" " ind2="2" tag="650"><subfield code="a">Pulmonary Circulation</subfield><subfield code="x">physiology</subfield><subfield code="0">(DNLM)D011652Q000502</subfield></datafield><datafield ind1=" " ind2="2" tag="650"><subfield code="a">Pulmonary Disease (Specialty)</subfield></datafield><datafield ind1=" " ind2="2" tag="650"><subfield code="a">Respiratory Tract Diseases</subfield></datafield><datafield ind1=" " ind2="7" tag="655"><subfield code="a">Zeitschrift</subfield><subfield code="2">gnd-content</subfield></datafield><datafield ind1=" " ind2="2" tag="655"><subfield code="a">Periodical</subfield><subfield code="0">(DNLM)D020492</subfield></datafield><datafield ind1=" " ind2="2" tag="655"><subfield code="a">Periodical</subfield></datafield><datafield ind1="0" ind2="8" tag="776"><subfield code="i">Erscheint auch als</subfield><subfield code="n">Online-Ausgabe</subfield><subfield code="t">Experimental lung research</subfield><subfield code="x">1521-0499</subfield></datafield><datafield ind1=" " ind2=" " tag="900"><subfield code="a">REROnoselfmerge</subfield></datafield></record>
</metadata></record>