<record><header><identifier>oai:alma.41SLSP_UGE:991000782889705502</identifier><datestamp>2023-03-04T01:11:37Z</datestamp><setSpec>uge_bcen_RapidILL_BOOK</setSpec><setSpec>uge_aaca_RapidILL_BOOK</setSpec><setSpec>uge_abels_RapidILL_BOOK</setSpec><setSpec>uge_dbu_RapidILL_BOOK</setSpec><setSpec>uge_cmu_RapidILL_BOOK</setSpec><setSpec>uge_mail_RapidILL_BOOK</setSpec><setSpec>uge_abbat_RapidILL_BOOK</setSpec><setSpec>UNIGE_ALL</setSpec><setSpec>uge_acar_RapidILL_BOOK</setSpec><setSpec>uge_aobs_RapidILL_BOOK</setSpec></header><metadata>
<record xmlns="http://www.loc.gov/MARC21/slim" xmlns:xsi="http://www.w3.org/2001/XMLSchema-instance" xsi:schemaLocation="http://www.loc.gov/MARC21/slim http://www.loc.gov/standards/marcxml/schema/MARC21slim.xsd"><leader>01628nam a2200313 c 4500</leader><controlfield tag="001">991000782889705502</controlfield><controlfield tag="005">20230303205422.0</controlfield><controlfield tag="008">910705s1991    ie ||||| |||| 00| ||fre d</controlfield><datafield ind1=" " ind2=" " tag="035"><subfield code="a">(swissbib)085709174-41slsp_network</subfield></datafield><datafield ind1=" " ind2=" " tag="035"><subfield code="a">085709174</subfield><subfield code="9">ExL</subfield></datafield><datafield ind1=" " ind2=" " tag="035"><subfield code="a">(RERO)1400432-41slsp</subfield></datafield><datafield ind1=" " ind2=" " tag="035"><subfield code="a">(EXLNZ-41SLSP_NETWORK)991084986419705501</subfield></datafield><datafield ind1=" " ind2=" " tag="040"><subfield code="a">RERO neuses</subfield><subfield code="d">CH-ZuSLS</subfield></datafield><datafield ind1="1" ind2=" " tag="041"><subfield code="a">fre</subfield><subfield code="h">eng</subfield></datafield><datafield ind1=" " ind2="7" tag="072"><subfield code="a">se</subfield><subfield code="2">rero</subfield></datafield><datafield ind1=" " ind2=" " tag="084"><subfield code="a">CA/CE 55.1 h</subfield><subfield code="2">cjurrom</subfield></datafield><datafield ind1=" " ind2=" " tag="084"><subfield code="a">FA 57 c</subfield><subfield code="2">cjurrom</subfield></datafield><datafield ind1="0" ind2="0" tag="245"><subfield code="a">&lt;&lt;Les&gt;&gt; chemins de la participation dans le changement technologique</subfield><subfield code="b">attitudes et expériences</subfield><subfield code="c">Fondation européenne pour l'amélioration des conditions de vie et de travail ; [trad. de l'anglais par Cave Translations]</subfield></datafield><datafield ind1=" " ind2="1" tag="264"><subfield code="a">Shankill Co. Dublin</subfield><subfield code="b">Fondation européenne pour l'amélioration des conditions de vie et de travail</subfield><subfield code="a">Luxembourg</subfield><subfield code="b">Office des publications officielles des Communautés européennes</subfield><subfield code="c">1991</subfield></datafield><datafield ind1=" " ind2=" " tag="300"><subfield code="a">18 p.</subfield><subfield code="b">ill.</subfield><subfield code="c">21 cm</subfield></datafield><datafield ind1=" " ind2=" " tag="336"><subfield code="b">txt</subfield><subfield code="2">rdacontent</subfield></datafield><datafield ind1=" " ind2=" " tag="337"><subfield code="b">n</subfield><subfield code="2">rdamedia</subfield></datafield><datafield ind1=" " ind2=" " tag="338"><subfield code="b">nc</subfield><subfield code="2">rdacarrier</subfield></datafield><datafield ind1=" " ind2=" " tag="500"><subfield code="a">Ce bref résumé présente les résultats d'une enquête sur les attitudes du patronat et des représentants des employés dans la Communauté européenne vis-à-vis de la participation des employés dans le changement technologique</subfield></datafield><datafield ind1="2" ind2="7" tag="610"><subfield code="a">Communautés européennes</subfield><subfield code="0">(IDREF)026372274</subfield><subfield code="2">idref</subfield></datafield><datafield ind1=" " ind2="7" tag="650"><subfield code="a">Participation des travailleurs</subfield><subfield code="0">(IDREF)027793567</subfield><subfield code="2">idref</subfield></datafield><datafield ind1=" " ind2="7" tag="650"><subfield code="a">Innovation</subfield><subfield code="0">(IDREF)027330435</subfield><subfield code="2">idref</subfield></datafield><datafield ind1="2" ind2=" " tag="710"><subfield code="a">Cave Translations (Irlande)</subfield><subfield code="0">(RERO)A003085373</subfield></datafield><datafield ind1="2" ind2=" " tag="710"><subfield code="a">Fondation européenne pour l'amélioration des conditions de vie et de travail</subfield><subfield code="0">(IDREF)026576392</subfield></datafield><datafield ind1=" " ind2=" " tag="900"><subfield code="a">REROnoselfmerge</subfield></datafield></record>
</metadata></record>