<record><header><identifier>oai:alma.41SLSP_UGE:991000782369705502</identifier><datestamp>2023-11-17T02:56:27Z</datestamp><setSpec>uge_bcen_RapidILL_BOOK</setSpec><setSpec>uge_aaca_RapidILL_BOOK</setSpec><setSpec>uge_abels_RapidILL_BOOK</setSpec><setSpec>uge_dbu_RapidILL_BOOK</setSpec><setSpec>uge_cmu_RapidILL_BOOK</setSpec><setSpec>uge_mail_RapidILL_BOOK</setSpec><setSpec>uge_abbat_RapidILL_BOOK</setSpec><setSpec>UNIGE_ALL</setSpec><setSpec>uge_acar_RapidILL_BOOK</setSpec><setSpec>uge_aobs_RapidILL_BOOK</setSpec></header><metadata>
<record xmlns="http://www.loc.gov/MARC21/slim" xmlns:xsi="http://www.w3.org/2001/XMLSchema-instance" xsi:schemaLocation="http://www.loc.gov/MARC21/slim http://www.loc.gov/standards/marcxml/schema/MARC21slim.xsd"><leader>05122nam a2200829 c 4500</leader><controlfield tag="001">991000782369705502</controlfield><controlfield tag="005">20230320194613.0</controlfield><controlfield tag="008">201011s2019    gw abeff b    000 0 ger d</controlfield><datafield ind1=" " ind2=" " tag="015"><subfield code="a">19,N12</subfield><subfield code="2">dnb</subfield></datafield><datafield ind1="7" ind2=" " tag="016"><subfield code="a">118052036X</subfield><subfield code="2">DE-101</subfield></datafield><datafield ind1=" " ind2=" " tag="020"><subfield code="a">3447112077</subfield></datafield><datafield ind1=" " ind2=" " tag="020"><subfield code="a">9783447112079</subfield><subfield code="q">rel</subfield></datafield><datafield ind1=" " ind2=" " tag="035"><subfield code="a">(swissbib)226730719-41slsp_network</subfield></datafield><datafield ind1=" " ind2=" " tag="035"><subfield code="a">226730719</subfield><subfield code="9">ExL</subfield></datafield><datafield ind1=" " ind2=" " tag="035"><subfield code="a">(RERO)R008998295-41slsp</subfield></datafield><datafield ind1=" " ind2=" " tag="035"><subfield code="a">(IDSBB)007123093DSV01</subfield></datafield><datafield ind1=" " ind2=" " tag="035"><subfield code="a">(OCoLC)1090310913</subfield></datafield><datafield ind1=" " ind2=" " tag="035"><subfield code="a">(EXLNZ-41SLSP_NETWORK)991100955839705501</subfield></datafield><datafield ind1=" " ind2=" " tag="040"><subfield code="a">ZWZ</subfield><subfield code="b">fre</subfield><subfield code="e">ncafnor</subfield><subfield code="d">CH-ZuSLS</subfield></datafield><datafield ind1="0" ind2=" " tag="041"><subfield code="a">ger</subfield><subfield code="a">fre</subfield></datafield><datafield ind1=" " ind2="4" tag="050"><subfield code="a">DT73.E45</subfield><subfield code="b">J37 2019</subfield></datafield><datafield ind1=" " ind2="7" tag="072"><subfield code="a">ar</subfield><subfield code="2">rero</subfield></datafield><datafield ind1=" " ind2="7" tag="072"><subfield code="a">ae</subfield><subfield code="2">SzZuIDS BS/BE</subfield></datafield><datafield ind1="0" ind2="0" tag="082"><subfield code="a">932/.01</subfield><subfield code="2">23</subfield></datafield><datafield ind1="0" ind2="4" tag="082"><subfield code="a">726.10932</subfield><subfield code="2">23/ger</subfield></datafield><datafield ind1="0" ind2="4" tag="082"><subfield code="a">932-933</subfield></datafield><datafield ind1="1" ind2="4" tag="082"><subfield code="a">930</subfield><subfield code="2">15</subfield></datafield><datafield ind1=" " ind2=" " tag="084"><subfield code="a">LE 2550</subfield><subfield code="2">rvk</subfield></datafield><datafield ind1=" " ind2=" " tag="084"><subfield code="a">LE 5290</subfield><subfield code="2">rvk</subfield></datafield><datafield ind1=" " ind2=" " tag="084"><subfield code="a">NG 3000</subfield><subfield code="2">rvk</subfield></datafield><datafield ind1="1" ind2=" " tag="100"><subfield code="a">Jaritz, Horst</subfield><subfield code="d">ca. 20./21. Jh.</subfield><subfield code="0">(DE-588)1186734531</subfield><subfield code="e">Verfasser</subfield><subfield code="4">aut</subfield><subfield code="6">880-01</subfield></datafield><datafield ind1="1" ind2=" " tag="880"><subfield code="6">100-01</subfield><subfield code="a">Jaritz, Horst</subfield><subfield code="d">19..-....</subfield><subfield code="0">(IDREF)112327834</subfield><subfield code="4">aut</subfield></datafield><datafield ind1="1" ind2="0" tag="245"><subfield code="a">&lt;&lt;Der&gt;&gt; ptolemäische Satettempel mit seinen Nebenanlagen und die Treppenanlage des nördlichen Sakralbezirks</subfield><subfield code="c">von Horst Jaritz, Ewa Laskowska-Kusztal und Walter Niederberger ; mit Beiträgen von Horst Beinlich und Karl-Theodor Zauzich</subfield></datafield><datafield ind1=" " ind2="1" tag="264"><subfield code="a">Wiesbaden</subfield><subfield code="b">Harrassowitz Verlag</subfield><subfield code="c">[2019]</subfield></datafield><datafield ind1=" " ind2="4" tag="264"><subfield code="c">© 2019</subfield></datafield><datafield ind1=" " ind2=" " tag="300"><subfield code="a">1 vol. (240 p.-75 p. de pl.)</subfield><subfield code="b">ill.en noir et en coul., plans, cartes.</subfield><subfield code="c">36 cm</subfield></datafield><datafield ind1=" " ind2=" " tag="336"><subfield code="b">txt</subfield><subfield code="2">rdacontent</subfield></datafield><datafield ind1=" " ind2=" " tag="336"><subfield code="b">sti</subfield><subfield code="2">rdacontent</subfield></datafield><datafield ind1=" " ind2=" " tag="337"><subfield code="b">n</subfield><subfield code="2">rdamedia</subfield></datafield><datafield ind1=" " ind2=" " tag="338"><subfield code="b">nb</subfield><subfield code="2">rdacarrier</subfield></datafield><datafield ind1=" " ind2=" " tag="338"><subfield code="b">nc</subfield><subfield code="2">rdacarrier</subfield></datafield><datafield ind1="1" ind2=" " tag="490"><subfield code="a">Archäologische Veröffentlichungen des Deutschen Archäologischen Instituts</subfield><subfield code="v">127</subfield></datafield><datafield ind1="1" ind2=" " tag="490"><subfield code="a">Elephantine</subfield><subfield code="v">36</subfield></datafield><datafield ind1=" " ind2=" " tag="504"><subfield code="a">Notes bibliogr</subfield></datafield><datafield ind1="8" ind2=" " tag="520"><subfield code="a">Bei dem unter Ptolemäus VI. und VIII. errichteten, bis in die späte Kaiserzeit aktiven Tempel für Satet auf Elephantine handelt es sich, neben den Tempeln für Chnum, Osiris-Nesmeti und dem Tempel ?X? um einen der letzten Schauplätze pharaonischen Kultlebens der Insel. Wie dies auch die dem Satettempel unmittelbar vorgelagerten, entlang dem Nilufer errichteten Nebenbauten zeigen, war der Kult eng mit dem Geschehen der jährlichen, mit Hilfe entsprechender Messeinrichtungen überwachten Flut verbunden und dem damit zusammenhängenden Wiedererscheinen des Sirius in einer besonderen Konstellation. Die Untersuchung schliesst daher eine monumentale, im Nordosten der Insel ebenfalls am Nil errichtete Treppenanlage ein, deren Architektur und Orientierung daraufhin abgestimmt worden waren, das Geschehen der jährlichen Flut voraussagen und in ihren einzelnen Etappen miterleben zu können. Hiermit hingen die im Besonderen auf Elephantine gefeierten Nilfeste zusammen.0Ein Studium der erhaltenen, im Fall des Satettempels bereits abgeräumten Baureste behandelt neben Konstruktion und handwerklicher Ausführung der Bauten auch deren zeitliche Einordnung und bauhistorische Zuordnung sowie deren teilweise erfolgte Nachnutzung. Der nur noch in Zeitdokumenten oder in Fragmenten fassbaren Dekoration einzelner Bauabschnitte sind spezielle Kapitel gewidmet. Versuche zur Deutung der Funktion einzelner Bauten und eine Betrachtung der unter Zuhilfenahme metrologischer Überlegungen entwickelten Entwürfe von Pfeilerbau und Treppenanlage ergänzen diese Arbeit</subfield></datafield><datafield ind1="2" ind2="0" tag="610"><subfield code="a">Temple of Satis (Elephantine, Egypt)</subfield></datafield><datafield ind1=" " ind2="7" tag="650"><subfield code="a">Temples égyptiens</subfield><subfield code="0">(IDREF)027301052</subfield><subfield code="2">idref</subfield></datafield><datafield ind1=" " ind2="0" tag="650"><subfield code="a">Excavations (Archaeology)</subfield><subfield code="z">Egypt</subfield><subfield code="z">Elephantine</subfield></datafield><datafield ind1=" " ind2="0" tag="650"><subfield code="a">Temples</subfield><subfield code="z">Egypt</subfield><subfield code="z">Elephantine</subfield></datafield><datafield ind1=" " ind2="7" tag="650"><subfield code="a">Ausgrabung</subfield><subfield code="0">(DE-588)4129464-6</subfield><subfield code="2">gnd</subfield></datafield><datafield ind1=" " ind2="7" tag="650"><subfield code="a">Funde</subfield><subfield code="0">(DE-588)4071507-3</subfield><subfield code="2">gnd</subfield></datafield><datafield ind1=" " ind2="7" tag="650"><subfield code="a">Archäologische Stätte</subfield><subfield code="0">(DE-588)4318315-3</subfield><subfield code="2">gnd</subfield></datafield><datafield ind1=" " ind2="7" tag="650"><subfield code="a">Tempel</subfield><subfield code="0">(DE-588)4059416-6</subfield><subfield code="2">gnd</subfield></datafield><datafield ind1=" " ind2="7" tag="650"><subfield code="a">Bauforschung</subfield><subfield code="0">(DE-588)4144149-7</subfield><subfield code="2">gnd</subfield></datafield><datafield ind1=" " ind2="7" tag="651"><subfield code="a">Eléphantine (Egypte) - Temple de Statis</subfield><subfield code="0">(RERO)A028371519</subfield><subfield code="2">rero</subfield></datafield><datafield ind1=" " ind2="0" tag="651"><subfield code="a">Egypt</subfield><subfield code="x">Antiquities</subfield></datafield><datafield ind1=" " ind2="0" tag="651"><subfield code="a">Elephantine (Egypt)</subfield><subfield code="x">Antiquities</subfield></datafield><datafield ind1=" " ind2="7" tag="651"><subfield code="a">Satis-Tempel</subfield><subfield code="g">Elephantine</subfield><subfield code="0">(DE-588)4133575-2</subfield><subfield code="2">gnd</subfield></datafield><datafield ind1=" " ind2="7" tag="651"><subfield code="a">Ägypten</subfield><subfield code="g">Altertum</subfield><subfield code="0">(DE-588)4068430-1</subfield><subfield code="2">gnd</subfield></datafield><datafield ind1=" " ind2="7" tag="651"><subfield code="a">Elephantine</subfield><subfield code="0">(DE-588)4014421-5</subfield><subfield code="2">gnd</subfield></datafield><datafield ind1="1" ind2=" " tag="700"><subfield code="a">Beinlich, Horst</subfield><subfield code="d">1947-....</subfield><subfield code="0">(IDREF)028758293</subfield><subfield code="4">ctb</subfield></datafield><datafield ind1="1" ind2=" " tag="700"><subfield code="a">Zauzich, Karl-Theodor</subfield><subfield code="c">égyptologue</subfield><subfield code="d">1939-2021</subfield><subfield code="0">(IDREF)028434625</subfield><subfield code="4">ctb</subfield></datafield><datafield ind1="1" ind2=" " tag="700"><subfield code="a">Laskowska-Kusztal, Ewa</subfield><subfield code="0">(DE-588)1051324548</subfield><subfield code="e">Verfasser</subfield><subfield code="4">aut</subfield><subfield code="6">880-04</subfield></datafield><datafield ind1="1" ind2=" " tag="880"><subfield code="6">700-04</subfield><subfield code="a">Laskowska-Kusztal, Ewa</subfield><subfield code="c">archéologue</subfield><subfield code="0">(IDREF)050630997</subfield><subfield code="4">aut</subfield></datafield><datafield ind1="1" ind2=" " tag="700"><subfield code="a">Niederberger, Walter Ernst</subfield><subfield code="d">1959-</subfield><subfield code="0">(DE-588)120356821</subfield><subfield code="e">Verfasser</subfield><subfield code="4">aut</subfield><subfield code="6">880-05</subfield></datafield><datafield ind1="1" ind2=" " tag="880"><subfield code="6">700-05</subfield><subfield code="a">Niederberger, Walter</subfield><subfield code="0">(IDREF)050707574</subfield><subfield code="4">aut</subfield></datafield><datafield ind1="4" ind2=" " tag="856"><subfield code="3">Inhaltsverzeichnis</subfield><subfield code="u">http://www.ub.unibas.ch/tox/IDSBB/007123093/PDF</subfield><subfield code="q">pdf</subfield></datafield><datafield ind1=" " ind2="0" tag="830"><subfield code="a">Elephantine</subfield><subfield code="v">36</subfield><subfield code="w">(IDSBB)000016173DSV01</subfield></datafield><datafield ind1=" " ind2="0" tag="830"><subfield code="a">Archäologische Veröffentlichungen</subfield><subfield code="v">127</subfield><subfield code="w">(IDSBB)000016174DSV01</subfield></datafield><datafield ind1=" " ind2="0" tag="830"><subfield code="a">Archäologische Veröffentlichungen</subfield><subfield code="v">127</subfield><subfield code="w">(RERO)0576140-41slsp</subfield></datafield><datafield ind1=" " ind2=" " tag="900"><subfield code="a">REROnoselfmerge</subfield></datafield><datafield ind1=" " ind2=" " tag="910"><subfield code="a">OCoLC</subfield><subfield code="b">20191220</subfield><subfield code="c">Réutilisation sous conditions: Licence ODC-BY</subfield></datafield><datafield ind1=" " ind2=" " tag="949"><subfield code="a">http://www.ub.unibas.ch/tox/IDSBB/007123093/PDF</subfield></datafield></record>
</metadata></record>