<record><header><identifier>oai:alma.41SLSP_UGE:991000782789705502</identifier><datestamp>2023-07-01T00:19:22Z</datestamp><setSpec>uge_bcen_RapidILL_BOOK</setSpec><setSpec>uge_aaca_RapidILL_BOOK</setSpec><setSpec>uge_abels_RapidILL_BOOK</setSpec><setSpec>uge_dbu_RapidILL_BOOK</setSpec><setSpec>uge_cmu_RapidILL_BOOK</setSpec><setSpec>uge_mail_RapidILL_BOOK</setSpec><setSpec>uge_abbat_RapidILL_BOOK</setSpec><setSpec>UNIGE_ALL</setSpec><setSpec>uge_acar_RapidILL_BOOK</setSpec><setSpec>uge_aobs_RapidILL_BOOK</setSpec></header><metadata>
<record xmlns="http://www.loc.gov/MARC21/slim" xmlns:xsi="http://www.w3.org/2001/XMLSchema-instance" xsi:schemaLocation="http://www.loc.gov/MARC21/slim http://www.loc.gov/standards/marcxml/schema/MARC21slim.xsd"><leader>02465nam a2200553 c 4500</leader><controlfield tag="001">991000782789705502</controlfield><controlfield tag="005">20230630210629.0</controlfield><controlfield tag="008">201011s2005    be ||||| |||| 10| ||fre d</controlfield><datafield ind1=" " ind2=" " tag="020"><subfield code="a">2802720694</subfield><subfield code="q">Bruylant, Bruxelles</subfield></datafield><datafield ind1=" " ind2=" " tag="035"><subfield code="a">(swissbib)225487748-41slsp_network</subfield></datafield><datafield ind1=" " ind2=" " tag="035"><subfield code="a">225487748</subfield><subfield code="9">ExL</subfield></datafield><datafield ind1=" " ind2=" " tag="035"><subfield code="a">(RERO)bv001280309-41slsp</subfield></datafield><datafield ind1=" " ind2=" " tag="035"><subfield code="a">(RERO)R003969534-41slsp</subfield></datafield><datafield ind1=" " ind2=" " tag="035"><subfield code="a">(NEBIS)005116645EBI01</subfield></datafield><datafield ind1=" " ind2=" " tag="035"><subfield code="a">(EXLNZ-41SLSP_NETWORK)991092613029705501</subfield></datafield><datafield ind1=" " ind2=" " tag="040"><subfield code="a">RERO iftfla</subfield><subfield code="d">CH-ZuSLS</subfield></datafield><datafield ind1=" " ind2="7" tag="072"><subfield code="a">dr</subfield><subfield code="2">rero</subfield></datafield><datafield ind1=" " ind2=" " tag="084"><subfield code="a">CA/B 98 e</subfield><subfield code="2">cjurrom</subfield></datafield><datafield ind1=" " ind2=" " tag="084"><subfield code="a">CA/B 90.8 e</subfield><subfield code="2">cjurrom</subfield></datafield><datafield ind1=" " ind2=" " tag="084"><subfield code="a">CA/B 12 e</subfield><subfield code="2">cjurrom</subfield></datafield><datafield ind1="0" ind2="0" tag="245"><subfield code="a">&lt;&lt;La&gt;&gt; place de la victime dans le procès pénal</subfield><subfield code="b">actes du Colloque organisé le 28 octobre 2004 à la Maison des Parlementaires à Bruxelles</subfield><subfield code="c">[par l'Institut d'études sur la justice] ; [intervenants: Edouard Jakhian ... et al.]</subfield></datafield><datafield ind1=" " ind2="1" tag="264"><subfield code="a">Bruxelles</subfield><subfield code="b">Bruylant</subfield><subfield code="c">2005</subfield></datafield><datafield ind1=" " ind2=" " tag="300"><subfield code="a">250 p.</subfield><subfield code="b">ill.</subfield><subfield code="c">22 cm</subfield></datafield><datafield ind1=" " ind2=" " tag="336"><subfield code="b">txt</subfield><subfield code="2">rdacontent</subfield></datafield><datafield ind1=" " ind2=" " tag="337"><subfield code="b">n</subfield><subfield code="2">rdamedia</subfield></datafield><datafield ind1=" " ind2=" " tag="338"><subfield code="b">nc</subfield><subfield code="2">rdacarrier</subfield></datafield><datafield ind1="1" ind2=" " tag="490"><subfield code="a">Les Cahiers de l'Institut d'études sur la justice</subfield><subfield code="v">6</subfield></datafield><datafield ind1=" " ind2=" " tag="500"><subfield code="a">Avec le soutien de la Fondation Bernheim</subfield></datafield><datafield ind1=" " ind2="7" tag="650"><subfield code="a">Strafprozess</subfield><subfield code="9">ger</subfield><subfield code="0">(RERO)jurivoc000021773ger</subfield><subfield code="2">jurivoc</subfield></datafield><datafield ind1=" " ind2="7" tag="650"><subfield code="a">Strafuntersuchung</subfield><subfield code="9">ger</subfield><subfield code="0">(RERO)jurivoc000021824ger</subfield><subfield code="2">jurivoc</subfield></datafield><datafield ind1=" " ind2="7" tag="650"><subfield code="a">Opfer</subfield><subfield code="9">ger</subfield><subfield code="0">(RERO)jurivoc000016537ger</subfield><subfield code="2">jurivoc</subfield></datafield><datafield ind1=" " ind2="7" tag="650"><subfield code="a">Opferhilfe</subfield><subfield code="9">ger</subfield><subfield code="0">(RERO)jurivoc000016538ger</subfield><subfield code="2">jurivoc</subfield></datafield><datafield ind1=" " ind2="7" tag="650"><subfield code="a">EMRK</subfield><subfield code="9">ger</subfield><subfield code="0">(RERO)jurivoc000006844ger</subfield><subfield code="2">jurivoc</subfield></datafield><datafield ind1=" " ind2="7" tag="650"><subfield code="a">Victimes</subfield><subfield code="0">(IDREF)027852040</subfield><subfield code="2">idref</subfield></datafield><datafield ind1=" " ind2="7" tag="650"><subfield code="a">Procès</subfield><subfield code="0">(IDREF)027776298</subfield><subfield code="2">idref</subfield></datafield><datafield ind1=" " ind2="7" tag="650"><subfield code="a">Rechtsstellung</subfield><subfield code="2">idszbz</subfield></datafield><datafield ind1=" " ind2="7" tag="650"><subfield code="a">Strafverfahren</subfield><subfield code="2">idszbz</subfield></datafield><datafield ind1=" " ind2="7" tag="650"><subfield code="a">Verbrechensopfer</subfield><subfield code="2">idszbz</subfield></datafield><datafield ind1=" " ind2="7" tag="651"><subfield code="a">Belgien</subfield><subfield code="9">ger</subfield><subfield code="0">(RERO)jurivoc000003183ger</subfield><subfield code="2">jurivoc</subfield></datafield><datafield ind1=" " ind2="7" tag="651"><subfield code="a">Belgique</subfield><subfield code="0">(IDREF)02725030X</subfield><subfield code="2">idref</subfield></datafield><datafield ind1=" " ind2="7" tag="651"><subfield code="a">Belgien</subfield><subfield code="2">idszbz</subfield></datafield><datafield ind1=" " ind2="7" tag="655"><subfield code="a">Actes de congrès</subfield><subfield code="0">(IDREF)02886431X</subfield><subfield code="2">idref</subfield></datafield><datafield ind1=" " ind2="7" tag="655"><subfield code="a">Aufsatzsammlung</subfield><subfield code="2">idszbz</subfield></datafield><datafield ind1=" " ind2="7" tag="655"><subfield code="a">Konferenzschrift</subfield><subfield code="z">Bruxelles</subfield><subfield code="y">2005</subfield><subfield code="2">gnd-content</subfield></datafield><datafield ind1="1" ind2=" " tag="700"><subfield code="a">Jakhian, Edouard</subfield><subfield code="d">1935-....</subfield><subfield code="0">(IDREF)154656593</subfield></datafield><datafield ind1="2" ind2=" " tag="710"><subfield code="a">Institut d'études sur la justice (Bruxelles)</subfield><subfield code="b">Colloque</subfield><subfield code="d">2004</subfield><subfield code="c">Bruxelles</subfield><subfield code="0">(RERO)A012490836</subfield></datafield><datafield ind1="2" ind2=" " tag="710"><subfield code="a">Fondation Bernheim</subfield><subfield code="0">(RERO)A017236920</subfield></datafield><datafield ind1="2" ind2=" " tag="710"><subfield code="a">Institut d'études sur la justice</subfield><subfield code="g">Louvain-la-Neuve, Belgique</subfield><subfield code="0">(IDREF)061776629</subfield></datafield><datafield ind1=" " ind2="0" tag="830"><subfield code="a">&lt;&lt;Les&gt;&gt; cahiers de l'Institut d'Etudes sur la Justice</subfield><subfield code="v">6</subfield><subfield code="w">(NEBIS)005298983EBI01</subfield></datafield><datafield ind1=" " ind2=" " tag="900"><subfield code="a">IDSZ2rwimon200701e</subfield><subfield code="c">IDSZ2buche 070118</subfield><subfield code="d">IDSZ2rwiswk200701b</subfield><subfield code="e">IDSZ2cont</subfield></datafield></record>
</metadata></record>