<record><header><identifier>oai:alma.41SLSP_UGE:991000782479705502</identifier><datestamp>2023-03-01T01:09:43Z</datestamp><setSpec>uge_bcen_RapidILL_BOOK</setSpec><setSpec>uge_aaca_RapidILL_BOOK</setSpec><setSpec>uge_abels_RapidILL_BOOK</setSpec><setSpec>uge_dbu_RapidILL_BOOK</setSpec><setSpec>uge_cmu_RapidILL_BOOK</setSpec><setSpec>uge_mail_RapidILL_BOOK</setSpec><setSpec>UNIGE_ALL</setSpec><setSpec>uge_abbat_RapidILL_BOOK</setSpec><setSpec>uge_aobs_RapidILL_BOOK</setSpec><setSpec>uge_acar_RapidILL_BOOK</setSpec></header><metadata>
<record xmlns="http://www.loc.gov/MARC21/slim" xmlns:xsi="http://www.w3.org/2001/XMLSchema-instance" xsi:schemaLocation="http://www.loc.gov/MARC21/slim http://www.loc.gov/standards/marcxml/schema/MARC21slim.xsd"><leader>01085nam a2200301 c 4500</leader><controlfield tag="001">991000782479705502</controlfield><controlfield tag="005">20211126183417.0</controlfield><controlfield tag="008">020204s1997    gw ||||| |||| 00| ||ger d</controlfield><datafield ind1=" " ind2=" " tag="020"><subfield code="a">3518392905</subfield><subfield code="q">Bd 1</subfield></datafield><datafield ind1=" " ind2=" " tag="020"><subfield code="a">351806634X</subfield><subfield code="q">set</subfield></datafield><datafield ind1=" " ind2=" " tag="035"><subfield code="a">(swissbib)097517453-41slsp_network</subfield></datafield><datafield ind1=" " ind2=" " tag="035"><subfield code="a">097517453</subfield><subfield code="9">ExL</subfield></datafield><datafield ind1=" " ind2=" " tag="035"><subfield code="a">(RERO)R003146282-41slsp</subfield></datafield><datafield ind1=" " ind2=" " tag="035"><subfield code="a">(EXLNZ-41SLSP_NETWORK)991126176769705501</subfield></datafield><datafield ind1=" " ind2=" " tag="040"><subfield code="a">RERO labcud</subfield><subfield code="d">CH-ZuSLS</subfield></datafield><datafield ind1=" " ind2="7" tag="072"><subfield code="a">al</subfield><subfield code="2">rero</subfield></datafield><datafield ind1="1" ind2=" " tag="100"><subfield code="a">Lasker-Schüler, Else</subfield><subfield code="d">1869-1945</subfield><subfield code="0">(IDREF)027396703</subfield><subfield code="4">cre</subfield></datafield><datafield ind1="1" ind2="0" tag="245"><subfield code="a">&lt;&lt;Die&gt;&gt; Gedichte 1902-1943</subfield><subfield code="c">Else Lasker-Schüler ; hrsg. von Friedhelm Kemp</subfield></datafield><datafield ind1=" " ind2="1" tag="264"><subfield code="a">Frankfurt am Main</subfield><subfield code="b">Suhrkamp</subfield><subfield code="c">1997</subfield></datafield><datafield ind1=" " ind2=" " tag="300"><subfield code="a">438 p.</subfield><subfield code="c">18 cm</subfield></datafield><datafield ind1=" " ind2=" " tag="336"><subfield code="b">txt</subfield><subfield code="2">rdacontent</subfield></datafield><datafield ind1=" " ind2=" " tag="337"><subfield code="b">n</subfield><subfield code="2">rdamedia</subfield></datafield><datafield ind1=" " ind2=" " tag="338"><subfield code="b">nc</subfield><subfield code="2">rdacarrier</subfield></datafield><datafield ind1="1" ind2=" " tag="490"><subfield code="a">Gesammelte Werke / Else Lasker-Schüler</subfield><subfield code="v">Bd. 1</subfield></datafield><datafield ind1="1" ind2=" " tag="490"><subfield code="a">Suhrkamp Taschenbuch</subfield><subfield code="v">2790</subfield></datafield><datafield ind1="1" ind2=" " tag="700"><subfield code="a">Kemp, Friedhelm</subfield><subfield code="d">1914-2011</subfield><subfield code="0">(IDREF)028423488</subfield></datafield><datafield ind1="1" ind2=" " tag="800"><subfield code="a">Lasker-Schüler, Else</subfield><subfield code="t">Gesammelte Werke</subfield><subfield code="v">1</subfield><subfield code="w">(RERO)R003146333-41slsp</subfield></datafield><datafield ind1=" " ind2=" " tag="830"><subfield code="a">Suhrkamp Taschenbuch</subfield><subfield code="v">2790</subfield><subfield code="w">(RERO)1214729-41slsp</subfield></datafield><datafield ind1=" " ind2=" " tag="900"><subfield code="a">REROnoselfmerge</subfield></datafield></record>
</metadata></record>